1714 2807
116 329 132 353 ὓ

112 1338 136 1408 2¹02

161 144 215 182 80
596 153 656 183 DE
688 153 876 185 NATURA
911 153 1118 185 DEORUM.

158 254 463 302 religionumque
511 255 731 291 sanctitates
779 255 964 291 exsistunt
1011 255 1049 291 in
1097 254 1178 291 dies
1229 254 1392 291 maiores
1439 259 1555 302 atque

160 318 347 363 meliores,
388 317 505 366 idque
545 318 672 355 evenit
709 330 789 355 non
827 325 972 355 temere
1011 330 1084 354 nec
1123 331 1226 363 casu,
1265 317 1335 354 sed
1373 316 1480 365 quod
1517 324 1556 354 et

158 390 377 430 praesentes
407 394 523 430 saepe
553 382 592 418 di
622 382 698 418 vim
727 394 835 419 suam
865 381 1072 425 declarant,
1101 389 1141 418 ut
1170 389 1207 418 et
1233 381 1338 430 apud
1363 381 1555 430 Regillum

160 447 260 483 bello
301 447 535 490 Latinorum,
576 458 665 482 cum
704 447 748 483 A.
796 446 1011 482 Postumius
1059 445 1224 482 dictator
1261 457 1352 482 cum
1391 445 1555 482 Octavio

161 511 334 547 Mamilio
354 510 576 547 Tusculano
597 510 743 558 proelio
773 509 986 555 dimicaret,
1017 510 1054 546 in
1083 517 1212 546 nostra
1240 510 1323 546 acie
1353 509 1490 546 Castor
1517 515 1556 545 et

161 575 293 611 Pollux
322 587 369 611 ex
398 575 505 622 equis
535 586 704 622 pugnare
733 574 801 610 visi
822 580 921 618 sunt,
942 581 979 610 et
1000 575 1210 610 recentiore
1232 574 1417 610 memoria
1437 572 1555 610 iidem

157 638 400 686 Tyndaridae
441 640 596 675 Persem
634 639 777 675 victum
816 639 1096 674 nuntiaverunt.
1156 639 1196 674 P.
1231 638 1335 674 enim
1368 637 1554 682 Vatinius,

158 716 249 739 avus
284 703 394 739 huius
433 702 702 748 adulescentis,
737 715 826 738 cum
859 714 878 738 e
914 702 1154 750 praefectura
1188 702 1353 738 Reatina
1387 702 1555 738 Romam

157 767 323 803 venienti
358 774 475 803 noctu
511 766 590 803 duo
625 767 780 803 iuvenes
816 779 905 802 cum
939 766 1047 814 equis
1082 766 1174 802 albis
1206 765 1391 802 dixissent
1424 777 1554 814 regem

160 833 312 868 Persem
353 832 413 867 illo
452 830 514 867 die
561 838 730 878 captum,
774 831 921 867 senatui
966 830 1177 876 nuntiavit;
1209 837 1247 866 et
1284 830 1409 878 primo
1447 830 1553 877 quasi

157 902 301 931 temere
323 895 372 932 de
392 907 431 931 re
453 895 607 943 publica
626 895 776 932 locutus
797 896 835 931 in
865 907 1058 931 carcerem
1089 895 1290 931 coniectus
1319 900 1388 938 est,
1418 899 1506 942 post
1533 905 1557 930 a

159 960 276 996 Paulo
307 960 436 996 litteris
465 959 584 996 allatis
605 972 694 996 cum
716 959 819 996 idem
841 959 923 996 dies
943 959 1186 1003 constitisset,
1210 965 1247 995 et
1267 970 1358 1007 agro
1380 970 1402 994 a
1421 965 1555 995 senatu

157 1032 194 1060 et
215 1025 415 1061 vacatione
437 1024 602 1061 donatus
623 1031 690 1060 est.
748 1025 875 1072 Atque
906 1024 1021 1060 etiam
1042 1036 1132 1060 cum
1152 1023 1202 1060 ad
1224 1023 1378 1059 fluvium
1400 1023 1554 1070 Sagram

1583 521 1597 545 5

1574 844 1606 860 10

159 1089 401 1125 Crotoniatas
442 1089 554 1125 Locri
592 1089 761 1125 maximo
799 1089 945 1136 proelio
984 1087 1226 1133 devicissent,
1275 1099 1322 1124 eo
1370 1087 1453 1135 ipso
1491 1086 1554 1124 die
1600 1114 1604 1117 -

158 1152 326 1189 auditam
352 1165 435 1189 esse
462 1164 548 1189 eam
575 1164 744 1200 pugnam
772 1152 871 1189 ludis
893 1153 1095 1201 Olympiae
1121 1152 1329 1189 memoriae
1359 1151 1554 1200 proditum

158 1224 226 1253 est.
284 1218 406 1264 Saepe
430 1218 647 1253 Faunorum
668 1229 784 1253 voces
805 1216 1019 1262 exauditae,
1041 1228 1156 1264 saepe
1173 1217 1274 1253 visae
1295 1216 1438 1252 formae
1459 1215 1552 1253 deo-

157 1294 239 1318 rum
261 1281 434 1329 quemvis
456 1294 533 1317 non
554 1288 618 1318 aut
639 1281 818 1317 hebetem
839 1288 903 1317 aut
929 1281 1086 1329 impium
1108 1281 1203 1317 deos
1229 1287 1450 1329 praesentes
1471 1292 1553 1317 esse

160 1346 333 1382 confiteri
355 1346 575 1393 coegerunt.
635 1345 920 1382 Praedictiones
940 1358 1029 1382 vero
1050 1352 1087 1382 et
1111 1345 1399 1393 praesensiones
1429 1334 1554 1382 rerum

158 1410 365 1446 futurarum
404 1409 497 1457 quid
535 1409 639 1446 aliud
675 1409 872 1446 declarant
910 1410 980 1446 nisi
1028 1409 1248 1446 hominibus
1296 1421 1341 1446 ea
1387 1408 1553 1454 ostendi,

1574 1167 1604 1192 ¹5

158 1474 369 1519 monstrari,
409 1473 600 1522 portendi,
636 1474 834 1522 praedici?
871 1487 918 1511 ex
956 1486 1033 1522 quo
1073 1475 1133 1511 illa
1171 1481 1332 1519 ostenta,
1372 1480 1552 1519 monstra,
1572 1493 1606 1509 20

157 1546 345 1585 portenta,
367 1538 542 1586 prodigia
563 1538 753 1575 dicuntur.
813 1538 963 1586 Quodsi
988 1551 1034 1575 ea
1063 1539 1151 1575 ficta
1179 1538 1373 1574 credimus
1401 1538 1556 1574 licentia

158 1603 381 1648 fabularum,
432 1604 627 1651 Mopsum,
683 1603 882 1648 Tiresiam,
941 1603 1228 1651 Amphiaraum,
1288 1602 1553 1647 Calchantem,

160 1667 370 1712 Helenum,
418 1679 516 1715 quos
563 1674 693 1704 tamen
739 1679 901 1715 augures
949 1680 997 1704 ne
1046 1668 1152 1715 ipsae
1199 1666 1357 1715 quidem
1406 1666 1554 1704 fabulae

157 1731 419 1775 adscivissent,
451 1732 481 1768 si
516 1744 574 1768 res
606 1731 764 1768 omnino
795 1731 1025 1779 repudiaret,
1061 1744 1108 1768 ne
1141 1731 1365 1768 domesticis
1396 1730 1554 1779 quidem

158 1796 343 1843 exemplis
368 1795 473 1832 docti
498 1808 642 1832 numen
672 1795 835 1832 deorum
865 1796 1220 1844 conprobabimus?
1277 1795 1382 1832 Nihil
1410 1807 1480 1832 nos
1514 1796 1552 1832 P.

159 1859 309 1897 Claudii
338 1860 439 1896 bello
472 1860 616 1896 Punico
646 1861 770 1907 primo
801 1861 992 1896 temeritas
1023 1860 1219 1896 movebit?
1247 1860 1313 1907 qui
1342 1860 1458 1896 etiam
1486 1871 1556 1908 per

157 1924 287 1960 iocum
309 1923 404 1960 deos
426 1923 605 1967 inridens,
628 1937 716 1960 cum
741 1936 859 1960 cavea
889 1924 1033 1960 liberati
1065 1924 1154 1972 pulli
1184 1936 1263 1960 non
1293 1931 1553 1972 pascerentur,

158 1988 276 2036 mergi
309 2000 376 2024 eos
406 1988 444 2024 in
475 2000 615 2036 aquam
638 1988 754 2032 iussit,
783 1994 823 2024 ut
852 1988 1040 2032 biberent,
1069 1988 1251 2035 quoniam
1279 1999 1362 2024 esse
1396 1987 1553 2024 nollent.

159 2053 234 2100 Qui
265 2053 359 2089 risus
390 2052 508 2088 classe
539 2051 691 2088 devicta
721 2052 857 2088 multas
885 2052 955 2100 ipsi
983 2052 1168 2096 lacrimas,
1200 2064 1380 2099 magnam
1408 2051 1554 2100 populo

158 2118 339 2153 Romano
378 2115 529 2153 cladem
566 2116 701 2152 attulit.
761 2116 895 2163 Quid?
932 2116 1081 2163 collega
1118 2116 1199 2152 eius
1240 2116 1372 2152 Iunius
1411 2114 1553 2152 eodem

156 2181 258 2218 bello
297 2193 427 2217 nonne
477 2187 706 2228 tempestate
757 2180 919 2216 classem
957 2181 1093 2223 amisit,
1133 2192 1222 2216 cum
1259 2179 1438 2227 auspiciis
1476 2191 1555 2216 non

157 2245 370 2293 paruisset?
427 2245 562 2292 Itaque
584 2244 768 2281 Claudius
789 2256 811 2280 a
837 2244 981 2292 populo
1011 2243 1293 2280 condemnatus
1323 2250 1391 2288 est,
1424 2243 1555 2280 Iunius

157 2321 294 2346 necem
335 2309 404 2346 sibi
445 2309 525 2356 ipse
564 2309 763 2344 conscivit.
821 2309 865 2345 C.
911 2308 1138 2344 Flaminium
1178 2308 1334 2344 Coelius
1372 2307 1554 2355 religione

158 2374 335 2421 neglecta
367 2372 555 2409 cecidisse
589 2371 693 2420 apud
726 2372 1008 2408 Trasumenum
1042 2372 1171 2408 scribit
1204 2384 1293 2407 cum
1328 2383 1469 2419 magno
1502 2370 1555 2407 rei

157 2437 334 2486 publicae
381 2437 548 2474 vulnere.
631 2436 808 2483 Quorum
855 2436 971 2472 exitio
1022 2435 1187 2483 intellegi
1241 2442 1368 2483 potest
1422 2446 1554 2472 eorum

1573 1812 1604 1836 ²5

1574 2133 1605 2156 30

1574 2455 1605 2479 35
