1681 2752
433 161 519 191 Lm.
545 161 610 192 111.
655 161 735 192 (τη.
759 162 921 199 ΧΧΧΙΧ,
939 162 1010 192 XL.
1058 163 1097 203 ξς
1115 171 1231 204 91-93.
1452 154 1530 204 167

133 268 286 306 vovent,
304 261 410 299 audit
431 262 542 310 igitur
562 275 670 300 mens
692 262 821 299 divina
841 263 955 300 etiam
973 262 1022 300 de
1044 263 1212 312 singulis.
1269 264 1419 301 Videtis
1440 277 1530 313 ergo

134 337 212 362 non
242 338 325 362 esse
355 338 441 362 eam
468 334 545 363 tam
572 335 817 375 occupatam,
838 339 953 375 quam
976 328 1195 376 putabatis?
1253 329 1328 365 Fac
1351 341 1433 371 esse
1455 329 1529 366 dis-

133 395 292 435 tentam,
315 391 464 426 caelum
485 398 711 436 versantem,
734 398 870 427 terram
892 398 1078 437 tuentem,
1097 392 1215 428 maria
1235 392 1529 439 moderantem,

134 465 201 489 cur
235 460 312 490 tam
346 454 485 490 multos
515 454 610 491 deos
646 454 738 491 nihil
767 467 879 503 agere
910 462 947 492 et
977 467 1128 492 cessare
1158 457 1326 504 patitur?
1355 469 1422 493 cur
1450 470 1528 494 non

91 530 106 554 5
133 517 245 554 rebus
275 517 450 554 humanis
478 518 624 566 aliquos
656 519 801 556 otiosos
831 518 926 556 deos
956 520 1141 568 praeficit,
1172 521 1236 569 qui
1267 533 1289 557 a
1317 528 1366 566 te,
1399 521 1529 566 Balbe,

132 581 427 618 innumerabiles
449 583 628 630 explicati
649 584 764 620 sunt?
811 584 925 620 Haec
946 584 1024 621 fere
1045 584 1175 621 dicere
1196 585 1313 622 habui
1331 585 1379 622 de
1396 594 1530 622 natura

131 644 306 690 deorum,
329 658 408 682 non
437 652 478 683 ut
507 659 592 683 eam
622 647 808 693 tollerem,
829 647 900 684 sed
924 655 965 684 ut
988 648 1270 697 intellegeretis,
1292 662 1408 698 quam
1429 657 1530 687 esset

131 709 296 746 obscura
315 716 353 746 et
373 722 489 758 quam
509 710 673 748 difficilis
695 711 905 759 explicatus
927 712 1098 750 haberet.

185 773 296 821 Quae
317 787 406 811 cum
426 774 595 820 dixisset,
613 776 728 813 Cotta
747 775 876 813 finem.
935 777 1102 813 Lucilius
1122 783 1251 814 autem
1269 792 1276 814 :
1306 759 1589 828 Vehemen-{ss

82 854 113 870 10
132 837 216 883 tius,
247 838 381 886 inquit,
411 839 537 885 Cotta,
567 846 608 876 tu
641 839 800 888 quidem
835 840 1007 877 invectus
1041 853 1081 877 es
1116 841 1155 878 in
1189 853 1274 878 eam
1313 842 1530 879 Stoicorum

130 902 332 948 rationem,
361 915 460 951 quae
490 904 539 941 de
569 904 813 952 providentia
841 904 1002 942 deorum
1032 906 1081 942 ab
1110 906 1178 942 illis
1208 906 1459 943 sanctissume
1492 914 1530 943 ct

130 966 478 1015 providentissume
517 969 725 1006 constituta
762 976 834 1006 est.
891 969 967 1007 Sed
1006 971 1191 1018 quoniam
1228 970 1527 1019 advesperascit,

131 1030 241 1069 dabis
270 1032 382 1069 nobis
409 1033 513 1070 diem
542 1034 722 1082 aliquem,
750 1041 791 1070 ut
820 1041 954 1070 contra
983 1035 1053 1071 ista
1080 1034 1267 1072 dicamus.
1326 1036 1396 1072 Est
1424 1036 1528 1072 enim

131 1096 224 1132 mihi
253 1102 382 1133 tecum
412 1109 481 1146 pro
511 1098 582 1135 aris
611 1105 649 1134 et
678 1098 774 1135 focis
801 1105 997 1134 certamen
1027 1106 1066 1135 et
1091 1111 1162 1147 pro
1187 1098 1350 1136 deorum
1375 1100 1528 1148 templis

83 1177 113 1201 ¹5
131 1166 246 1208 atque
268 1160 435 1198 delubris
462 1174 610 1210 proque
638 1162 739 1199 urbis
767 1163 894 1207 muris,
917 1175 1014 1211 quos
1034 1175 1114 1208 vos,
1136 1163 1353 1211 pontifices,
1375 1171 1529 1201 sanctos

131 1236 214 1262 esse
235 1224 361 1262 dicitis
383 1225 679 1275 diligentiusque
709 1227 842 1264 urbem
872 1227 1055 1275 religione
1076 1240 1194 1275 quam
1214 1228 1304 1276 ipsis
1325 1229 1529 1266 moenibus

131 1290 304 1339 cingitis;
334 1303 432 1339 quae
462 1290 587 1328 deseri
616 1303 639 1327 a
667 1303 742 1336 me,
767 1290 861 1328 dum
887 1291 1047 1339 quidem
1076 1292 1218 1340 spirare
1248 1299 1397 1341 potero,
1421 1293 1529 1330 nefas

129 1354 273 1392 iudico.
328 1356 429 1392 Tum
451 1355 590 1393 Cotta:
624 1356 708 1404 Ego
728 1368 819 1392 vero
849 1363 887 1392 et
916 1363 1010 1403 opto
1038 1356 1218 1405 redargui
1241 1369 1316 1403 me,
1338 1357 1469 1404 Balbe,
1491 1364 1528 1395 et
1547 1366 1580 1391 95

129 1431 187 1466 ea,
208 1432 307 1468 quae
328 1420 530 1468 disputavi,
553 1420 737 1457 disserere
767 1420 882 1457 malui
911 1432 1028 1468 quam
1058 1420 1228 1458 iudicare
1258 1429 1296 1458 et
1324 1422 1435 1459 facile
1466 1435 1528 1459 me

80 1504 113 1521 20
129 1496 152 1521 a
177 1491 215 1522 te
241 1485 343 1522 vinci
368 1497 484 1533 posse
511 1492 617 1522 certo
641 1485 734 1521 scio.
793 1485 962 1532 Quippe,
983 1485 1104 1533 inquit
1124 1486 1305 1531 Velleius,
1327 1487 1392 1534 qui
1413 1487 1529 1523 etiam

128 1550 280 1586 somnia
306 1556 415 1598 putet
443 1549 492 1586 ad
521 1562 592 1586 nos
622 1550 720 1586 mitti
748 1549 797 1586 ab
819 1550 923 1595 Iove,
945 1561 1045 1597 quae
1070 1549 1154 1597 ipsa
1176 1557 1306 1587 tamen
1331 1558 1408 1587 tam
1433 1551 1530 1588 levia

127 1626 207 1651 non
231 1621 330 1659 sunt,
351 1626 467 1662 quarn
497 1622 554 1650 est
582 1614 797 1651 Stoicorum
818 1613 867 1650 de
888 1621 1022 1650 natura
1041 1613 1204 1651 deorum
1224 1616 1357 1652 oratio.
1417 1617 1528 1652 Haec

128 1691 218 1715 cum
249 1686 376 1716 essent
403 1678 518 1723 dicta,
543 1678 596 1715 ita
623 1677 881 1723 discessimus,
907 1684 949 1714 ut
973 1678 1121 1715 Velleio
1151 1679 1290 1716 Cottae
1321 1679 1528 1728 disputatio

127 1744 261 1789 verior,
282 1743 376 1781 mihi
405 1743 513 1780 Balbi
542 1741 592 1780 ad
613 1742 780 1779 veritatis
810 1741 1099 1779 similitudinem
1119 1742 1312 1780 videretur
1331 1756 1414 1781 esse
1441 1756 1528 1793 pro-

78 1827 108 1850 ²5
126 1809 293 1858 pensior.
