1681 2752
399 158 486 189 ΜΒ.
513 157 540 188 1.
587 157 936 194 cmxxxrxffil„
983 157 1021 197 ξς
1047 157 1202 197 106-113.
1442 148 1494 198 65

96 266 287 308 oportere.
345 259 424 296 Isto
463 257 595 303 modo,
627 257 812 306 quoniam
850 257 1027 294 homines
1066 257 1243 294 mortales
1282 264 1382 302 sunt,
1421 258 1496 294 sint

97 323 212 371 aliqui
246 322 477 368 inmortales,
499 328 537 358 et
566 321 751 370 quoniam
782 327 990 357 nascuntur
1022 321 1059 357 in
1093 328 1202 366 terra,
1224 329 1431 358 nascantur
1460 322 1498 358 in

96 399 208 435 aqua.
224 408 277 413 —
294 388 342 423 Et
362 387 453 434 quia
472 392 560 422 sunt
580 397 679 433 quae
700 385 932 430 interimant,
954 385 1027 421 sint
1057 397 1156 432 quae
1188 392 1429 422 conservent.
1445 408 1498 413 —

97 451 177 488 Sint
207 463 311 496 sane,
336 450 406 487 sed
437 461 483 486 ea
512 457 753 494 conservent,
779 460 878 497 quae
910 456 997 485 sunt
1013 462 1023 494 3
1054 448 1150 486 deos
1182 450 1274 486 istos
1303 462 1386 486 esse
1419 462 1497 487 non

54 528 69 552 5
95 515 230 552 sentio.
288 514 425 552 Omnis
463 520 594 550 tamen
631 514 704 550 ista
740 525 866 550 rerum
905 513 1050 561 effigies
1089 526 1135 550 ex
1174 513 1380 550 individuis
1419 523 1556 562 quouo

95 578 215 616 modo
235 579 460 627 corporibus
480 578 625 615 oritur?
653 589 752 626 quae
783 577 933 614 etiarnsi
963 585 1102 623 essent,
1134 590 1232 626 quae
1265 578 1368 614 nulla
1397 585 1496 624 sunt,

94 644 235 692 pellere
269 655 310 680 se
348 643 430 691 ipsa
466 650 505 680 et
535 643 667 691 agitari
700 643 798 678 inter
830 654 870 679 se
906 654 1097 679 concursu
1132 643 1290 679 sortasse
1326 650 1495 691 possent,

94 707 268 752 formare,
294 707 468 756 figurare,
495 707 680 752 colorare,
709 707 879 743 animare
906 719 986 743 non
1012 714 1183 755 possent.
1243 707 1359 743 Nullo
1387 707 1498 755 igitur

94 771 214 809 modo
247 772 490 809 inmortalem
523 771 643 808 deum
675 771 837 808 efficitis.
893 770 1105 807 Videamus
1145 783 1250 808 nunc
1283 770 1332 807 de
1366 771 1493 808 beato.
1506 776 1555 809 40

46 852 78 869 ιο
96 836 183 873 Sine
212 836 348 873 virtute
378 842 483 872 certe
512 836 616 872 nullo
644 835 764 872 modo
780 849 790 881 ;
819 835 934 872 virtus
966 842 1096 872 autern
1126 843 1295 881 actuosa,
1328 841 1367 872 et
1399 835 1495 872 deus

93 907 219 937 vester
238 900 330 937 nihil
352 913 470 949 agens
486 913 497 947 3
527 912 664 948 expers
683 900 829 937 virtutis
849 899 962 948 igitur
977 913 987 946 ;
1018 900 1070 936 ita
1097 912 1147 936 ne
1167 900 1302 937 beatus
1323 899 1494 947 quidem.

96 965 206 1012 Quae
227 977 318 1013 ergo
337 965 442 1001 vita?
497 964 778 1013 Suppeditatio,
800 964 936 1012 inquis,
958 964 1150 1001 bonorum
1177 964 1280 1001 nullo
1307 965 1553 1001 malorumlll

95 1028 324 1066 interventu.
383 1029 561 1077 Quorum
595 1029 755 1065 tandem
789 1029 1009 1066 bonorum?
1063 1029 1328 1077 Voluptaturn,
1363 1028 1494 1074 credo,

94 1105 237 1142 nempe
257 1092 308 1130 ad
329 1105 470 1142 corpus
490 1093 765 1142 pertinentium
781 1106 792 1139 ;
822 1093 965 1129 nullam
986 1093 1090 1129 enirn
1120 1093 1277 1129 novistis
1307 1093 1379 1129 nisi
1407 1105 1493 1141 pro-

46 1170 77 1195 τε
94 1157 236 1194 sectam
267 1169 290 1194 a
317 1169 480 1206 corpore
514 1163 553 1194 et
582 1157 811 1194 redeuntem
841 1156 892 1193 ad
922 1169 1064 1205 corpus
1096 1157 1214 1193 animi
1244 1158 1494 1205 voluptatem.

95 1222 188 1259 Non
214 1222 374 1259 arbitror
397 1228 448 1268 te,
474 1222 610 1268 Vellei,
637 1222 800 1258 similem
827 1233 910 1258 esse
940 1222 1221 1270 Epicureorum
1248 1222 1494 1270 reliquorum,

95 1300 192 1336 quos
212 1300 293 1325 non
302 1287 456 1337 pudeat
475 1288 719 1336 quarundam
740 1288 900 1336 Epicuri
919 1300 1074 1333 vocum,
1097 1288 1236 1336 quibus
1257 1288 1317 1324 ille
1338 1294 1497 1324 testatur

95 1364 135 1390 se
163 1364 213 1390 ne
242 1352 462 1402 intellegere
492 1353 652 1401 quidem
680 1353 799 1389 ullum
826 1353 985 1398 bonum,
1013 1352 1122 1400 quod
1151 1353 1198 1389 sit
1226 1353 1444 1389 seiunctum
1473 1365 1496 1389 a

95 1417 267 1455 delicatis
288 1424 326 1454 et
345 1417 524 1454 obscenis
542 1417 803 1465 voluptatibus
819 1430 830 1463 3
860 1429 955 1464 quas
982 1416 1142 1464 quidem
1162 1429 1241 1453 non
1262 1417 1494 1454 erubescens

45 1495 78 1512 20
95 1482 334 1530 persequitur
367 1482 492 1518 omnis
525 1482 767 1518 nominatim.
826 1481 955 1528 Quem
991 1481 1121 1518 cibum
1156 1481 1268 1529 igitur
1301 1488 1366 1517 aut
1399 1494 1492 1529 quas
1506 1491 1554 1516 112

94 1546 273 1594 potiones
299 1553 364 1583 aut
383 1558 477 1594 quas
498 1558 638 1583 vocum
661 1552 725 1582 aut
745 1545 881 1582 florum
900 1546 1103 1582 varietates
1133 1552 1198 1582 aut
1229 1558 1326 1593 quos
1357 1552 1493 1591 tactus,

95 1622 192 1659 quos
212 1609 351 1647 odores
378 1610 580 1648 adhibebis
609 1609 659 1646 ad
688 1609 796 1655 deos,
818 1616 859 1646 ut
889 1622 955 1646 eos
982 1609 1190 1658 perfundas
1211 1610 1496 1658 voluptatibus?

96 1675 146 1711 Et
165 1670 304 1723 poetae
325 1674 484 1722 quidem
509 1672 663 1723 [nectar
690 1673 944 1724 ambrosiam]
971 1674 1103 1722 epulas
1132 1681 1345 1722 conparant
1365 1681 1403 1710 et
1431 1681 1496 1710 aut

96 1739 338 1775 Iuventatem
354 1744 418 1775 aut
434 1738 706 1787 Ganymedem
722 1739 864 1786 pocula
878 1739 1170 1783 ministrantem,
1184 1745 1224 1774 tu
1241 1745 1383 1784 autem,
1402 1739 1493 1786 Epi-

44 1816 76 1840 25
96 1815 197 1848 cure,
218 1802 312 1850 quid
332 1803 479 1839 facies?
534 1803 675 1851 Neque
696 1802 812 1848 enim,
833 1802 937 1839 unde
959 1803 1098 1840 habeat
1119 1803 1191 1839 ista
1205 1802 1301 1839 deus
1320 1809 1419 1848 tuus,
1441 1803 1493 1839 vi-

95 1867 182 1913 deo,
203 1879 278 1904 nec
297 1879 376 1915 quo
396 1866 516 1904 modo
536 1874 674 1904 utatur.
733 1867 983 1915 Locupletior
1003 1867 1116 1915 igitur
1139 1867 1341 1903 hominurn
1360 1873 1496 1903 natura

94 1931 145 1969 ad
172 1932 284 1969 beate
303 1931 511 1968 vivendum
535 1938 594 1968 est
613 1944 731 1980 quam
761 1931 936 1978 deorum,
957 1931 1066 1980 quod
1094 1931 1263 1980 pluribus
1289 1932 1493 1980 generibus

93 1996 225 2033 fruitur
256 1996 507 2044 voluptatum.
564 1997 614 2033 At
651 1996 720 2033 has
757 1996 919 2033 leviores
954 1995 1063 2033 ducis
1096 1996 1324 2044 voluptates,
1355 1996 1552 2043 quibusn3

94 2061 203 2109 quasi
221 2061 383 2097 titillatio
403 2060 583 2109 (Epicuri
599 2061 702 2097 enirn
722 2060 798 2098 hoc
813 2061 974 2098 verbum
990 2061 1067 2107 est)
1087 2060 1292 2097 adhibetur
1306 2060 1493 2097 sensibus.

45 2140 78 2164 30
96 2124 309 2172 Quousque
340 2124 467 2161 ludis?
522 2125 626 2162 Nam
657 2125 773 2162 etiarn
807 2125 915 2162 Philo
945 2132 1077 2162 noster
1106 2125 1202 2161 ferre
1232 2136 1314 2161 non
1343 2131 1494 2172 poterat

95 2188 288 2236 aspernari
309 2189 523 2237 Epicureos
543 2189 668 2226 mollis
689 2196 726 2226 et
747 2189 931 2226 delicatas
951 2190 1166 2238 voluptates
1183 2202 1193 2235 5
1224 2201 1376 2225 summa
1391 2188 1494 2224 enim

96 2252 282 2289 memoria
300 2253 572 2300 pronuntiabat
591 2253 773 2301 plurimas
793 2253 951 2302 Epicuri
966 2254 1174 2290 sententias
1190 2253 1234 2289 iis
1250 2253 1340 2301 ipsis
1356 2252 1492 2297 verbis,

95 2316 233 2364 quibus
254 2323 361 2353 erant
380 2317 570 2364 scriptae;
602 2316 818 2354 Metrodori
843 2329 947 2363 vero,
977 2318 1044 2366 qui
1073 2325 1130 2354 est
1161 2317 1318 2365 Epicuri
1348 2316 1495 2364 collega

95 2379 317 2427 sapientiae,
338 2379 457 2416 multa
488 2379 761 2428 inpudentiora
792 2381 1002 2427 recitabat,
1043 2387 1199 2417 accusat
1233 2381 1337 2417 enirn
1361 2380 1494 2416 Timo-

45 2459 76 2482 35
96 2450 252 2489 cratem,
282 2443 435 2480 fratrem
464 2456 588 2491 suum,
619 2443 880 2491 Metrodorus,
908 2444 1016 2493 quod
1044 2444 1194 2481 dubitet
1222 2444 1365 2490 onmia,
1395 2455 1494 2492 quae
