1681 2752
412 144 548 175 L113.1.
595 143 947 179 cmxxxxxxr
995 145 1033 183 ξς
1053 144 1167 184 81-87.
1436 146 1487 186 57

93 246 154 292 ris,
186 247 240 284 sic
273 246 376 283 idem
408 246 446 282 in
479 245 588 282 Italia
618 245 824 289 Volcanus,
858 243 961 281 idem
997 245 1034 281 in
1072 245 1272 293 Hispania.
1333 246 1485 283 Deinde

94 312 293 348 nominum
314 322 391 347 non
412 322 572 357 magnus
594 320 774 345 numerus
796 320 843 345 ne
865 309 902 344 in
924 309 1129 356 pontificiis
1153 309 1311 357 quidem
1337 312 1484 357 nostris,

94 375 255 411 deorum
275 381 404 411 autem
425 373 719 409 innumerabilis.
779 374 838 409 An
859 373 939 408 sine
962 373 1181 409 nominibus
1207 375 1321 410 sunt?
1374 362 1486 411 'Istud

93 438 250 486 quidem
282 439 332 474 ita
362 438 469 474 vobis
501 437 629 473 dicere
661 448 820 473 necesse
852 444 933 481 est3
965 436 1058 484 quid
1089 438 1190 473 enim
1221 438 1366 482 attinet,
1397 452 1486 474 cum

50 515 64 538 s
93 514 168 538 una
194 502 307 539 facies
338 502 395 547 sit,
418 502 524 550 plura
553 513 635 538 esse
665 501 850 537 nomina?
907 501 1035 548 Quam
1065 501 1208 538 bellum
1239 510 1330 547 erat,
1351 503 1484 547 Vellei,

92 566 266 602 confiteri
300 566 426 614 potius
456 566 616 609 nescire,
647 564 753 613 quod
788 565 967 610 nescires,
999 578 1115 613 quam
1150 566 1220 602 ista
1249 566 1485 603 effutientem

91 642 273 666 nauseare
294 637 408 677 atque
429 629 554 677 ipsum
578 629 648 665 sibi
669 628 871 677 displicere
891 611 933 666 {fs
953 631 1015 666 An
1035 636 1075 666 tu
1097 630 1171 666 mei
1193 630 1354 667 similem
1376 639 1485 678 putas

91 706 173 731 esse
203 701 267 730 aut
296 694 349 730 tui
370 693 516 730 deum?
572 693 749 730 Profecto
780 706 859 730 non
890 701 1014 741 putas.
1074 694 1178 742 Quid
1209 696 1329 743 ergo?
1365 695 1484 732 solem

91 757 218 795 dicam
256 764 320 795 aut
358 757 488 794 lunam
526 764 590 794 aut
628 758 779 794 caelum
807 757 954 794 deum?
1010 759 1113 807 Ergo
1151 760 1267 796 etiam
1302 759 1487 796 beatum?

43 836 74 852 10
93 822 241 869 Quibus
263 822 452 858 fruentem
472 821 759 869 voluptatibus?
803 822 850 858 Et
871 823 1114 870 sapientem?
1157 823 1233 871 Qui
1254 830 1382 871 potest
1402 836 1485 860 esse

91 886 130 922 in
150 886 230 922 eius
251 885 359 922 modi
379 892 516 923 trunco
536 886 749 933 sapientia?
801 887 914 922 Haec
929 893 1054 923 vestra
1072 894 1171 924 sunt.
1225 888 1262 925 Si
1282 888 1393 936 igitur
1412 901 1485 925 nec
1504 899 1537 924 s3

57 973 61 976 »
92 949 261 986 humano
281 952 379 995 visu,
401 950 508 998 quod
529 949 658 995 docui,
679 962 752 987 nec
773 951 836 987 tali
856 951 997 999 aliquo,
1019 951 1127 999 quod
1158 952 1226 989 tibi
1257 952 1309 988 ita
1330 964 1486 1001 persua-

91 1026 176 1051 sum
198 1021 266 1059 est,
281 1014 374 1063 quid
395 1014 546 1052 dubitas
568 1026 706 1063 negare
728 1014 822 1051 deos
844 1016 956 1052 esse?
1004 1016 1095 1052 Non
1116 1016 1248 1054 audes.
1288 1017 1488 1064 Sapienter

92 1078 132 1115 id
152 1078 322 1126 quidem,
344 1079 413 1115 etsi
444 1079 519 1115 hoc
553 1079 641 1115 loco
672 1091 752 1115 non
771 1079 960 1127 populum
981 1081 1130 1125 metuis,
1153 1080 1223 1117 sed
1252 1081 1356 1129 ipsos
1377 1081 1485 1118 deos.

45 1159 74 1182 ιε,
94 1143 195 1179 Novi
215 1155 288 1191 ego
310 1143 524 1191 Epicureos
544 1143 675 1180 omnia
694 1143 815 1191 sigilla
833 1133 1060 1181 uenerantes
1075 1158 1085 1190 3
1116 1157 1351 1193 quamquam
1371 1146 1486 1182 video

91 1219 170 1244 non
202 1207 312 1244 nullis
346 1207 467 1244 videri
501 1208 725 1256 Epicurum,
755 1219 804 1244 ne
839 1208 879 1244 in
909 1208 1163 1246 offensionem
1194 1209 1487 1246 Atheniensium

93 1271 260 1317 caderet,
294 1272 418 1309 verbis
451 1272 649 1320 reliquisse
683 1271 790 1317 deos,
821 1284 861 1309 re
891 1273 1098 1310 sustulisse.
1157 1274 1293 1321 Itaque
1337 1274 1375 1310 in
1418 1275 1486 1311 illis

93 1336 242 1373 selectis
263 1336 343 1373 eius
363 1336 620 1384 brevibusque
640 1337 850 1382 sententiis,
873 1349 968 1384 quas
989 1338 1189 1385 appellatis
1219 1338 1341 1385 κυρίας
1370 1337 1486 1382 δόξας,

93 1401 201 1446 haec,
222 1407 264 1437 ut
283 1401 432 1449 opinor,
454 1401 577 1450 prima
603 1401 793 1437 sententia
821 1408 902 1438 est:
935 1401 1101 1449 ‘Quod
1128 1402 1321 1439 beatum
1351 1410 1395 1439 et
1424 1404 1487 1439 in·

43 1465 295 1502 20m0rtale
344 1471 434 1511 est,
479 1464 526 1502 id
567 1477 655 1502 nec
698 1465 845 1502 habet
887 1478 976 1502 nec
1019 1466 1217 1503 exhibet
1264 1468 1488 1514 cuiquam

93 1541 148 1566 ne
159 1530 368 1578 gotium)
427 1531 473 1566 In
494 1529 567 1566 hac
587 1530 639 1566 ita
659 1530 834 1578 exposita
854 1531 1043 1567 sententia
1063 1538 1149 1567 sunt
1170 1531 1234 1578 qui
1259 1531 1486 1576 existiment,
1499 1536 1546 1570 31

94 1593 200 1642 quod
229 1594 289 1631 ille
318 1594 472 1631 inscitia
496 1594 609 1642 plane
638 1594 825 1642 loquendi
854 1595 1009 1639 fecerat,
1039 1595 1174 1631 fecisse
1205 1596 1407 1641 consulto,
1439 1596 1487 1632 de

94 1658 250 1695 homine
289 1659 446 1695 minime
484 1659 589 1695 vafro
627 1658 726 1695 male
765 1659 994 1695 existimant.
1066 1659 1238 1696 Dubium
1276 1667 1332 1696 est
1371 1661 1486 1703 enim,
1506 1670 1539 1695 se

94 1730 220 1760 utrum
252 1723 355 1760 dicat
385 1723 529 1771 aliquid
560 1724 717 1760 beatum
749 1735 832 1760 esse
860 1730 897 1759 et
927 1723 1126 1760 inmortale
1155 1735 1217 1768 an,
1247 1724 1278 1761 si
1307 1724 1401 1772 quid
1430 1725 1487 1761 sit.

45 1803 76 1827 ²5
96 1788 186 1824 Non
207 1787 515 1824 animadvertunt
536 1788 597 1824 hic
619 1800 708 1824 eum
732 1788 912 1837 ambigue
943 1787 1116 1824 locutum
1145 1799 1240 1833 esse,
1263 1788 1332 1825 sed
1362 1789 1488 1825 multis

93 1852 174 1890 aliis
194 1853 288 1890 locis
309 1859 347 1890 et
367 1853 472 1890 illum
492 1861 530 1890 et
551 1853 820 1890 Metrodorum
845 1860 923 1889 tam
950 1859 1080 1901 aperte
1109 1864 1226 1900 quam
1255 1853 1370 1900 paulo
1401 1861 1488 1890 ante

94 1922 144 1954 te.
201 1917 269 1954 Ille
294 1929 384 1954 vero
413 1917 509 1955 deos
539 1930 622 1955 esse
651 1924 771 1966 putat,
792 1930 866 1954 nec
897 1929 1134 1965 quemquam
1162 1916 1252 1962 vidi,
1273 1917 1339 1965 qui
1368 1918 1488 1965 magis

94 1993 151 2026 ea,
173 1993 272 2029 quae
301 1982 475 2019 timenda
504 1994 588 2019 esse
618 1990 786 2032 negaret,
813 1983 976 2028 timeret,
998 1987 1164 2018 mortem
1193 1980 1285 2018 dico
1313 1987 1351 2018 et
1380 1981 1488 2018 deos.

95 2045 245 2092 Quibus
284 2045 500 2083 mediocres
534 2047 710 2084 homines
744 2059 823 2084 non
857 2049 909 2084 ita
941 2046 1053 2084 valde
1089 2052 1303 2103 moventur,
1338 2045 1395 2082 his
1429 2046 1489 2082 ille

45 2123 78 2146 30
95 2109 233 2146 clamat
257 2110 430 2147 omnium
461 2111 677 2148 mortalium
706 2119 856 2149 mentes
886 2124 969 2149 esse
998 2111 1227 2160 perterritas.
1251 2105 1360 2161 fTot
1388 2111 1491 2146 milia

94 2173 366 2211 latrocinantur
396 2181 518 2211 morte
549 2175 758 2224 proposita,
790 2176 852 2212 alii
886 2176 1026 2222 omnia,
1061 2188 1162 2224 quae
1195 2164 1370 2224 possunt,
1403 2175 1490 2211 fana

66 2270 67 2273 ,
95 2237 303 2285 conpilant.
361 2238 504 2284 Credo,
537 2246 602 2276 aut
635 2239 716 2276 illos
747 2240 878 2277 mortis
910 2241 1024 2277 timor
1058 2247 1172 2278 terret
1203 2246 1269 2277 aut
1302 2239 1372 2276 hos
1406 2239 1488 2275 reli-

95 2301 230 2348 gionis.

149 2364 226 2402 Sed
255 2366 438 2413 quoniam
469 2379 548 2404 non
581 2367 700 2404 audes
738 2367 834 2416 (iam
865 2368 968 2405 enim
999 2381 1089 2406 curn
1121 2369 1204 2417 ipso
1235 2369 1405 2417 Epicuro
1434 2368 1488 2405 lo·
1508 2379 1540 2405 sr

47 2443 79 2468 35
96 2427 209 2477 quar)
235 2440 375 2477 negare
405 2441 488 2467 esse
518 2430 626 2477 deos,
656 2431 750 2480 quid
779 2438 847 2478 est,
868 2432 975 2480 quod
1004 2439 1042 2470 te
1072 2432 1244 2480 inpediat
1273 2439 1338 2470 aut
1367 2433 1488 2470 solem
