1681 2752
89 843 120 860 10

88 1167 118 1191 ι5

87 1490 121 1508 20

87 1809 118 1834 25

87 2135 118 2159 30

88 2455 119 2479 35

385 152 469 183 Lm.
489 153 533 183 11.
579 153 659 184 exp.
684 153 1062 191 xxxvurxxmx.
1111 158 1206 196 §395
1233 167 1274 194 9)
1455 158 1532 199 10‘)

136 265 246 291 orum
276 253 420 302 ignium
453 254 632 291 finitimas
665 255 840 303 regiones
872 256 1133 293 obscuravisse
1168 257 1357 303 dicuntur,
1392 264 1432 295 ut
1466 271 1534 306 per

138 318 299 355 biduum
324 330 440 355 nemo
460 317 661 355 hominem
681 318 800 355 homo
820 327 1058 367 agnosceret,
1080 333 1168 357 cum
1189 328 1317 358 autem
1337 323 1448 358 tertio
1470 322 1531 358 die

137 382 194 419 sol
231 382 438 428 inluxisset,
469 388 550 419 tum
588 389 628 419 ut
662 383 842 420 revixisse
877 384 946 419 sibi
981 384 1210 421 viderentur.
1269 385 1419 431 Quodsi
1458 386 1532 422 hoc

137 445 241 483 idem
262 459 309 482 ex
329 447 492 483 aeternis
512 447 680 483 tenebris
701 448 953 495 contingeret,
975 454 1014 483 ut
1036 448 1162 483 subito
1190 448 1314 485 lucem
1345 450 1532 497 aspicere-

137 524 233 556 mus,
264 523 455 559 quaenam
484 512 634 559 species
664 512 760 548 caeli
789 511 1009 548 videretur?
1064 512 1140 549 Sed
1174 512 1404 550 adsiduitate
1440 515 1531 550 coti-

138 575 254 612 diana
299 581 338 612 et
385 575 664 612 consuetudine
712 576 911 612 oculorum
959 575 1194 613 adsuescunt
1240 577 1357 613 animi
1406 590 1532 626 neque

137 639 373 676 admirantur
391 651 518 687 neque
538 640 735 687 requirunt
754 640 920 676 rationes
950 652 1081 676 earum
1108 652 1248 686 rerum,
1269 653 1363 688 quas
1384 654 1535 690 semper

136 703 280 749 vident,
301 703 464 752 proinde
485 704 592 751 quasi
612 704 760 741 novitas
780 716 851 740 nos
878 704 998 752 magis
1018 716 1133 752 quam
1165 705 1389 753 magnitudo
1409 718 1534 742 rerum

137 767 280 804 debeat
298 766 349 804 ad
377 767 633 815 exquirendas
653 780 788 805 causas
809 769 988 805 excitare.
1047 769 1143 816 Quis
1164 769 1267 806 enim
1288 769 1390 806 hunc
1411 769 1531 807 homi·
1551 779 1584 807 97

138 844 228 868 nem
249 831 397 877 dixerit,
414 832 478 879 qui
498 844 588 868 cum
609 838 688 868 tam
707 839 833 869 certos
853 833 950 869 caeli
969 839 1107 878 motus,
1128 839 1208 870 tam
1226 841 1328 870 ratos
1348 841 1535 871 astrorum

137 895 292 933 ordines
313 902 469 943 tamque
490 896 588 932 inter
607 908 647 932 se
668 897 800 933 omnia
828 909 978 934 conexa
1006 903 1045 934 et
1074 904 1164 945 apta
1184 897 1330 943 viderit,
1352 904 1468 946 neget
1496 898 1535 935 in
1560 920 1593 928 -κ

138 959 195 997 his
219 960 334 996 ullam
365 960 490 996 inesse
521 961 710 997 rationem
741 972 864 1009 eaque
896 973 988 998 casu
1020 962 1102 998 fieri
1134 961 1249 1007 dicat,
1271 974 1370 1010 quae
1390 970 1534 1010 quanto

138 1024 299 1061 consilio
331 1031 520 1072 gerantur,
542 1024 646 1061 nullo
678 1025 840 1062 consilio
872 1025 1034 1074 adsequi
1063 1027 1296 1074 possumus?
1350 1027 1422 1072 An,
1445 1039 1534 1063 cum

137 1088 422 1125 machinatione
443 1087 612 1136 quadam
641 1089 787 1126 moveri
815 1089 959 1138 aliquid
981 1089 1169 1135 videmus,
1190 1096 1231 1127 ut
1259 1090 1473 1138 sphaeram,
1494 1097 1536 1128 ut

138 1152 261 1197 horas,
283 1158 324 1189 ut
342 1152 416 1189 alia
433 1153 635 1201 permulta,
657 1165 738 1190 non
758 1153 990 1200 dubitamus,
1011 1154 1104 1202 quin
1134 1154 1196 1190 illa
1226 1166 1345 1202 opera
1374 1154 1449 1191 sint
1478 1167 1534 1191 ra-

137 1217 278 1263 tionis,
321 1229 411 1254 cum
448 1224 578 1254 autem
615 1218 804 1266 impetum
838 1218 934 1255 caeli
967 1231 1057 1255 cum
1090 1217 1305 1256 admirabili
1339 1219 1533 1256 celeritate

137 1281 282 1318 moveri
309 1281 481 1330 vertique
512 1282 712 1319 videamus
742 1283 1052 1320 constantissime
1084 1283 1359 1320 conficientem
1389 1284 1532 1320 vicissi-

137 1345 290 1383 tudines
312 1346 586 1384 anniversarias
606 1359 697 1384 cum
718 1359 869 1384 summa
896 1347 1016 1384 salute
1037 1353 1075 1384 et
1095 1348 1388 1384 conservatione
1407 1360 1534 1385 rerum

136 1410 322 1456 omnium,
344 1409 576 1457 dubitamus,
598 1412 691 1459 quin
711 1423 758 1448 ea
777 1423 857 1448 non
877 1411 1002 1448 solum
1027 1412 1174 1448 ratione
1203 1411 1308 1457 fiant,
1329 1411 1398 1448 sed
1419 1412 1533 1448 etiam

138 1474 339 1511 excellenti
359 1474 565 1523 divinaque
586 1476 762 1513 ratione?
789 1476 881 1512 licet
909 1475 1013 1512 enirn
1043 1475 1120 1512 iam
1150 1482 1299 1512 remota
1329 1476 1534 1513 subtilitate
1553 1488 1585 1514 98

137 1538 359 1587 disputandi
396 1539 518 1576 oculis
550 1539 723 1588 quodam
761 1539 883 1577 modo
919 1540 1172 1588 contemplari
1209 1539 1534 1588 pulchritudinem

136 1614 262 1639 rerum
290 1614 432 1649 earum,
461 1615 555 1652 quas
583 1603 714 1641 divina
739 1604 984 1652 providentia
1009 1603 1176 1641 dicimus
1203 1604 1442 1642 constitutas.

189 1667 247 1703 Ac
275 1667 466 1715 principio
494 1674 594 1704 terra
621 1668 798 1706 universa
827 1675 1015 1714 cernatur,
1046 1669 1174 1706 locata
1204 1669 1243 1705 in
1276 1668 1406 1705 media
1438 1669 1531 1706 sede
1542 1675 1592 1710 39

136 1730 282 1776 mundi,
305 1730 428 1768 solida
457 1737 495 1769 et
523 1732 684 1781 globosa
712 1739 751 1770 et
779 1732 951 1781 undique
982 1733 1064 1781 ipsa
1092 1733 1132 1769 in
1161 1744 1245 1769 sese
1275 1733 1429 1770 nutibus
1458 1733 1534 1771 suis

138 1795 379 1844 conglobata,
400 1796 536 1833 vestita
565 1796 734 1841 floribus,
759 1797 899 1842 herbis,
923 1797 1132 1843 arboribus,
1159 1797 1340 1846 frugibus,
1370 1809 1533 1845 quorum

136 1860 309 1897 omniurn
334 1860 569 1898 incredibilis
599 1861 806 1899 multitudo
835 1862 1038 1899 insatiabili
1067 1862 1248 1898 varietate
1277 1861 1532 1910 distinguitur.

136 1923 250 1961 Adde
271 1924 346 1961 huc
365 1924 529 1962 fontium
549 1925 695 1974 gelidas
717 1926 989 1974 perennitates,
1012 1926 1179 1974 liquores
1206 1925 1424 1974 perlucidos
1453 1939 1532 1963 am-

136 1989 254 2035 nium,
274 1989 440 2038 riparum
460 1990 617 2027 vestitus
637 1990 897 2036 viridissimos,
929 1990 1200 2038 speluncarum
1230 2002 1421 2027 concavas
1451 1990 1532 2027 alti—

136 2053 301 2100 tudines,
339 2066 518 2091 saxorum
555 2055 790 2103 asperitates,
830 2054 1124 2103 inpendentium
1172 2054 1360 2091 montium
1407 2054 1530 2091 altitu-

137 2117 246 2155 dines
276 2119 615 2168 inmensitatesque
645 2132 870 2168 camporum
886 2134 895 2166 ς
926 2119 1029 2157 adde
1058 2120 1175 2157 etiam
1204 2118 1422 2156 reconditas
1453 2120 1532 2156 auri

136 2184 359 2231 argentique
393 2195 510 2221 venas
544 2184 808 2232 infinitamque
841 2185 919 2221 vim
953 2185 1164 2222 marmoris.
1224 2185 1336 2232 Quae
1368 2195 1459 2220 vero
1494 2190 1531 2220 et
1550 2196 1582 2221 99

136 2259 252 2295 quam
284 2248 386 2284 varia
425 2260 568 2297 genera
604 2249 810 2286 bestiarum
842 2249 903 2286 vel
942 2249 1113 2286 cicurum
1144 2249 1205 2286 vel
1238 2249 1426 2286 ferarum!
1466 2248 1531 2296 qui

135 2311 346 2348 volucrium
374 2312 500 2361 lapsus
521 2320 636 2361 atque
656 2321 790 2351 cantus
810 2316 816 2351 !
847 2314 911 2362 qui
932 2314 1128 2362 pecudum
1148 2320 1279 2362 pastus
1299 2316 1306 2350 l
1336 2325 1434 2361 quae
1454 2312 1531 2348 vita

137 2375 387 2413 silvestrium!
445 2376 550 2425 Quid
577 2378 653 2414 iarn
682 2377 731 2415 de
762 2378 962 2416 hominum
989 2390 1130 2426 genere
1152 2377 1308 2414 dicam?
1336 2377 1400 2425 qui
1422 2377 1529 2424 quasi

138 2439 302 2477 cultores
339 2446 460 2478 terrae
498 2442 695 2479 constituti
733 2454 812 2480 non
846 2442 1040 2490 patiuntur
1073 2454 1160 2478 eam
1193 2453 1267 2478 nec
1305 2441 1528 2477 inmanitate
