1714 2807
138 136 193 175 62
574 145 637 176 DE
666 144 859 176 NATURA
889 143 1100 176 DEORUM.

139 257 222 294 ita?
251 257 352 306 Quia
364 269 437 294 nec
452 257 504 295 ad
518 258 690 306 speciem
703 269 778 295 nec
794 258 843 295 ad
857 270 966 295 usum
981 258 1099 295 alium
1114 257 1286 306 quinque
1303 255 1535 294 desiderant.

138 324 244 359 'l‘uus
264 328 393 358 autem
410 321 506 358 deus
526 333 605 359 non
621 320 742 370 digito
761 333 840 359 uno
858 321 1061 367 redundat,
1078 321 1147 359 sed
1167 322 1305 370 capite,
1322 322 1435 367 collo,
1451 333 1530 358 cer-

138 387 296 432 vicibus,
317 386 509 430 lateribus,
530 386 627 429 alvo,
648 392 767 433 tergo,
789 386 1008 433 poplitibus,
1025 386 1213 430 manibus,
1231 385 1407 433 pedibus,
1423 386 1530 422 femi-

140 452 262 495 nibus,
284 450 465 487 cruribus.
524 450 572 493 Si,
595 456 635 485 ut
655 449 862 485 inmortalis
883 450 940 493 sit,
962 448 1054 496 quid
1085 449 1179 484 liaec
1201 448 1250 485 ad
1270 449 1385 485 vitam
1410 461 1529 486 mem-

140 515 206 552 bra
234 514 452 563 pertinent?
488 512 582 560 quid
620 513 702 560 ipsa
734 513 878 548 facies?
934 513 1058 560 Magis
1097 512 1169 557 illa,
1203 512 1416 557 cerebrum,
1450 524 1529 558 cor,
1558 527 1572 552 5

139 579 354 627 pulmones,
375 578 480 614 iecur
495 591 504 623 ;
535 577 631 613 haec
652 577 755 613 enirn
775 583 863 613 sunt
892 575 1087 613 domicilia
1114 576 1213 612 vitae
1228 589 1239 622 3
1269 576 1344 613 oris
1372 575 1530 624 quidem

83 629 290 699 {ffiliabitus
313 642 363 679 ad
387 643 484 678 vitae
509 641 726 678 firmitatem
753 640 847 676 nihil
871 641 1047 688 pertinet.
1106 640 1155 676 Et
1184 651 1251 677 eos
1277 640 1530 688 vituperabas,

139 707 204 755 qui
261 718 308 744 ex
354 706 533 754 operibus
584 705 797 753 magnificis
844 712 959 752 atque
1006 704 1221 752 praeclaris,
1269 716 1359 740 curn
1405 704 1530 752 ipsum

139 770 341 816 mundum,
375 782 465 807 cum
499 770 579 806 eius
614 769 799 813 membra,
838 768 1001 813 caelum,
1035 775 1164 813 terras,
1199 768 1328 813 maria,
1362 779 1530 816 cumque

140 836 275 874 horum
314 836 486 884 insignia,
525 836 659 880 solem,
697 835 826 871 lunam
871 834 1088 881 stellasque,
1127 832 1323 878 vidissent,
1362 845 1528 881 cumque
1550 847 1582 864 10

139 907 356 948 temporum
390 900 636 944 maturitates,
671 899 903 935 mutationes
936 897 1295 945 vicissitudinesque
1329 898 1529 946 cognovis-

139 972 236 1010 sent,
257 964 438 1012 suspicati
467 970 595 1000 essent
623 963 788 1010 aliquam
809 962 1062 999 excellentem
1083 973 1166 998 esse
1193 967 1530 1010 praestantemque

139 1036 324 1074 naturam,
359 1040 456 1076 quae
496 1027 592 1064 haec
629 1027 831 1072 effecisset,
869 1033 1052 1071 moveret,
1090 1032 1251 1074 regeret,
1289 1026 1530 1074 gubernaret.

141 1093 217 1140 Qui
244 1092 391 1129 etiamsi
417 1092 592 1129 aberrant
615 1092 848 1135 coniectura,
873 1090 988 1127 video
1011 1097 1154 1135 tamen,
1179 1090 1273 1138 quid
1297 1098 1505 1139 sequantur
1519 1105 1529 1138 ;

139 1164 178 1194 tu
223 1155 330 1204 quod
373 1168 471 1204 opus
515 1154 673 1192 tandem
719 1167 900 1202 magnum
942 1161 980 1191 et
1021 1155 1216 1204 egregium
1255 1155 1385 1201 habes,
1423 1155 1580 1204 quod¹5

139 1220 320 1257 effectum
353 1219 482 1257 divina
514 1226 643 1256 mente
673 1218 857 1264 videatur,
888 1230 936 1255 ex
968 1231 1046 1266 quo
1074 1231 1158 1256 esse
1188 1219 1283 1257 deos
1311 1221 1533 1268 suspicere?

139 1285 358 1329 Habebam,
375 1284 511 1331 inquis,
528 1284 566 1320 in
586 1284 715 1320 animo
736 1283 887 1319 insitam
909 1283 1219 1320 informationem
1239 1284 1433 1332 quandam
1454 1284 1530 1322 dei.

140 1350 190 1386 Et
217 1348 361 1386 barbati
391 1347 549 1395 quidem
580 1347 693 1392 Iovis,
723 1347 894 1395 galeatae
929 1347 1154 1393 Minervae;
1184 1359 1277 1384 nurn
1306 1348 1418 1396 igitur
1446 1360 1529 1385 esse

79 1420 126 1447 101
138 1413 220 1450 talis
246 1413 385 1461 putas?
440 1412 596 1459 Quanto
623 1411 758 1447 melius
782 1410 877 1447 haec
903 1411 1036 1460 vulgus
1057 1411 1333 1460 imperitorum,
1359 1412 1425 1460 qui
1451 1424 1531 1449 non

139 1477 312 1514 membra
345 1476 468 1513 solum
502 1475 667 1512 hominis
694 1474 770 1512 deo
800 1475 979 1520 tribuant,
1014 1475 1084 1513 sed
1114 1488 1224 1513 usum
1259 1477 1376 1513 etiam
1409 1488 1530 1514 mem·
1549 1492 1582 1510 ιο

137 1542 305 1579 brorum.
364 1541 469 1577 Dant
489 1540 592 1576 enirn
612 1551 756 1584 arcum,
773 1539 938 1587 sagittas,
956 1539 1116 1586 hastam,
1133 1540 1314 1588 clipeum,
1330 1540 1529 1586 fuscinam,

138 1606 294 1650 fulmen,
328 1611 367 1641 et
399 1604 441 1649 si,
473 1604 646 1640 actiones
684 1614 783 1651 quae
818 1603 892 1640 sint
925 1602 1101 1649 deorum,
1139 1615 1219 1641 non
1256 1603 1400 1650 vident,
1438 1604 1531 1642 nihil

137 1676 316 1717 agentem
355 1675 486 1705 tamen
523 1666 641 1704 deum
679 1678 758 1704 non
796 1673 943 1715 queunt
980 1667 1161 1715 cogitare.
1219 1667 1310 1716 Ipsi,
1340 1668 1405 1716 qui
1442 1668 1530 1705 inri-

137 1733 288 1778 dentur,
305 1731 481 1780 Aegyptii
501 1731 642 1768 nullam
663 1731 816 1768 beluam
838 1731 907 1768 nisi
928 1731 980 1768 ob
999 1731 1165 1779 aliquam
1186 1732 1398 1776 utilitatem,
1413 1743 1530 1780 quam

137 1809 185 1834 ex
222 1808 268 1833 ea
314 1802 509 1844 caperent,
548 1801 896 1840 consecraverunt;
944 1795 1045 1832 velut
1094 1795 1174 1832 ibes
1213 1796 1418 1832 maximam
1451 1797 1528 1832 vim
1548 1811 1579 1835 25

137 1860 372 1908 serpentium
398 1859 622 1904 conficiunt,
649 1871 738 1895 cum
765 1859 840 1895 sint
865 1870 954 1895 aves
981 1859 1167 1903 excelsae,
1192 1860 1362 1896 cruribus
1387 1859 1528 1908 rigidis,

137 1936 280 1962 corneo
313 1935 553 1972 proceroque
582 1930 729 1969 rostro,
759 1929 934 1959 avertunt
963 1929 1113 1971 pestem
1142 1923 1191 1960 ab
1220 1925 1409 1971 Aegypto,
1439 1936 1529 1960 cum

135 1989 298 2025 volucris
345 1987 478 2036 anguis
525 1998 574 2024 ex
618 1987 792 2023 vastitate
843 1986 985 2034 Libyae
1030 1993 1148 2023 vento
1189 1987 1318 2023 Africo
1360 1987 1530 2024 invectas

135 2053 367 2090 interficiunt
397 2059 512 2099 atque
546 2057 778 2087 consumunt
795 2064 804 2096 3
834 2062 882 2087 ex
911 2062 990 2098 quo
1023 2050 1077 2095 fit,
1110 2056 1153 2087 ut
1184 2051 1268 2087 illae
1294 2063 1367 2088 nec
1401 2063 1529 2088 morsu

134 2117 241 2154 vivae
268 2123 435 2153 noceant
460 2127 534 2152 nec
561 2114 681 2152 odore
712 2120 898 2151 mortuae.
957 2115 1118 2151 Possum
1147 2114 1197 2151 de
1227 2115 1528 2152 ichneumonum
1547 2129 1580 2153 30

135 2181 306 2226 utilitate,
343 2179 392 2216 (le
431 2178 727 2222 crocodilorum,
766 2177 815 2214 de
851 2177 1005 2214 faelium
1040 2177 1182 2223 dicere,
1217 2178 1286 2215 sed
1321 2179 1412 2216 nolo
1445 2191 1528 2216 esse

134 2244 282 2292 longus.
341 2244 399 2280 Ita
446 2241 690 2286 concludam,
738 2248 867 2278 tamen
914 2241 1044 2278 beluas
1091 2253 1114 2278 a
1159 2242 1326 2279 barbaris
1373 2250 1530 2290 propter

134 2308 367 2346 beneficium
400 2313 655 2350 consecratas,
686 2313 899 2342 vestrorum
931 2304 1093 2342 deorum
1125 2317 1204 2342 non
1235 2305 1354 2343 modo
1383 2307 1527 2343 benefi-

77 2373 238 2409 wzcium
270 2372 417 2408 nullum
451 2377 593 2414 extare,
627 2368 696 2406 sed
730 2380 778 2405 ne
812 2369 955 2405 factum
989 2368 1147 2416 quidem
1182 2370 1355 2407 omnino.
1424 2370 1529 2407 Nihil

135 2435 264 2481 habet,
294 2434 427 2483 inquit,
457 2433 613 2481 negotii.
670 2432 848 2470 Profecto
878 2432 1069 2480 Epicurus
1101 2433 1209 2481 quasi
1238 2434 1346 2482 pueri
1375 2432 1528 2471 delicati
1546 2449 1578 2474 3⁵
