1714 2807
160 192 241 232 160
592 202 654 232 DE
685 201 874 233 NATURA
907 201 1116 233 DEORUM.

154 303 261 352 Quid
300 305 420 353 ergo?
458 304 517 341 isti
553 303 644 349 doli,
679 302 802 351 quid?
834 303 1049 349 machinae,
1080 302 1201 351 quid?
1233 303 1404 341 fallaciae
1443 315 1550 353 prae·

152 369 380 417 strigiaeque
414 380 506 405 num
538 368 619 404 sine
651 368 798 404 ratione
833 379 916 404 esse
951 368 1187 416 potuerunt?
1243 368 1278 405 O
1311 368 1552 416 praeclarum

151 445 291 470 munus
312 432 474 469 deorum
495 435 502 469 1
532 439 572 468 ut
595 431 776 468 Phormio
797 431 917 479 possit
937 430 1092 468 dicere:

206 529 340 568 Cedo
379 541 570 576 senem3
619 529 708 565 iam
748 528 982 565 instructa
1019 535 1128 565 sunt
1167 528 1226 565 mi
1266 529 1310 565 in
1349 528 1498 566 corde

1027 592 1237 629 consilia
1267 593 1443 630 omnia.
1578 612 1593 638 ⁵

93 670 144 741 {P
156 691 231 729 Sed
253 703 433 728 exeamus
454 702 475 728 e
498 690 658 735 theatro,
681 690 879 726 veniamus
900 689 938 726 in
960 689 1096 726 sorum.
1153 690 1308 727 Sessum
1334 690 1361 726 it
1387 697 1549 738 praetor.

153 755 260 803 Quid
289 763 330 792 ut
359 754 576 792 iudicetur?
633 754 709 801 Qui
731 753 958 790 tabularium
981 753 1208 790 incenderit.
1266 753 1384 800 Quod
1405 754 1551 791 facinus

152 819 368 856 occultius?
425 818 471 855 Id
492 830 532 855 se
555 818 603 865 Q.
621 817 762 862 Sosius,
784 816 1010 865 splendidus
1031 829 1151 865 eques
1172 818 1372 854 Romanus
1393 829 1440 854 ex
1460 830 1551 866 agro

154 884 309 928 Piceno,
331 883 466 920 fecisse
493 882 692 918 consessus
718 888 787 918 est.
845 881 922 928 Qui
952 881 1250 929 transscripserit
1279 881 1424 918 tabulas
1454 883 1549 930 pub-

151 948 254 985 licas.
313 946 360 984 Id
376 958 531 995 quoque
555 946 598 983 L.
616 946 759 982 Alenus
780 945 882 990 fecit,
899 957 988 982 cum
1004 945 1301 993 chirographum
1323 957 1389 982 sex
1409 947 1549 994 primo-
1570 964 1602 981 ιο

151 1024 235 1048 rum
257 1012 422 1048 imitatus
443 1017 510 1047 est.
563 1009 670 1057 Quid
693 1009 767 1046 hoc
789 1009 946 1046 homine
967 1009 1181 1046 sollertius?
1232 1010 1439 1058 Cognosce
1460 1010 1551 1047 alias

151 1075 409 1124 quaestiones,
439 1074 518 1111 auri
558 1074 774 1118 Tolossani,
805 1073 1080 1110 coniurationis
1116 1073 1362 1121 Iugurthinae
1379 1088 1389 1120 3
1419 1081 1550 1123 repete

152 1140 359 1188 superiora,
379 1139 519 1176 Tubuli
544 1137 594 1175 de
621 1138 788 1187 pecunia
813 1144 928 1186 capta
955 1137 1006 1174 ob
1029 1149 1110 1174 rem
1140 1137 1400 1184 iudicandam,
1421 1145 1548 1187 poste-

151 1205 261 1249 riora,
283 1203 333 1241 de
353 1204 503 1240 incestu
522 1203 720 1251 rogatione
750 1201 966 1247 Peducaea,
988 1208 1069 1238 tum
1091 1201 1187 1238 haec
1207 1202 1413 1248 cotidiana,
1435 1203 1549 1249 sicae,

151 1268 303 1313 veneni,
327 1267 539 1317 peculatus,
564 1273 881 1303 testamentorum
911 1266 1026 1303 etiam
1055 1266 1138 1314 lege
1169 1279 1269 1303 nova
1292 1267 1548 1314 quaestiones.
1570 1278 1600 1303 τε

154 1332 252 1370 Inde
274 1332 336 1369 illa
355 1332 480 1369 actio:
511 1342 586 1368 OPE
609 1341 866 1374 CONsmoQUE
891 1342 968 1367 Tuo
996 1342 1154 1368 FURTUM
1180 1341 1245 1367 Alo
1272 1342 1426 1368 mermi
1451 1342 1550 1378 Esse,

153 1396 243 1434 inde
273 1403 330 1434 tot
359 1395 502 1433 iudicia
523 1394 572 1432 de
602 1394 679 1431 fide
707 1395 818 1440 mala,
840 1395 992 1439 tutelae,
1014 1394 1199 1440 mandati,
1220 1407 1289 1443 pro
1310 1396 1430 1440 socio,
1452 1386 1548 1433 fidu-

153 1462 248 1507 ciae,
266 1461 421 1509 reliqua,
438 1472 537 1508 quae
559 1472 606 1496 ex
626 1466 760 1507 empto
776 1466 841 1495 aut
857 1458 1015 1495 vendito
1037 1466 1100 1496 aut
1120 1458 1318 1496 conducto
1339 1467 1403 1496 aut
1423 1459 1551 1497 locato

153 1533 288 1563 contra
303 1524 420 1562 fidem
437 1525 543 1569 fiunt,
561 1523 651 1560 inde
673 1523 858 1560 iudicium
876 1524 1073 1572 publicum
1089 1524 1142 1560 rei
1159 1524 1326 1572 privatae
1343 1524 1426 1572 lege
1445 1524 1549 1561 Plae-

152 1591 260 1636 toria,
287 1589 378 1627 inde
409 1588 659 1626 everriculum
689 1588 918 1624 malitiarum
949 1588 1135 1633 omnium,
1163 1588 1349 1625 iudicium
1379 1587 1428 1626 de
1459 1589 1550 1626 dolo
1569 1600 1602 1617 ⁹0

153 1655 266 1700 malo,
283 1653 390 1702 quod
411 1654 456 1691 C.
478 1653 675 1701 Aquillius,
697 1653 887 1689 familiaris
907 1659 1048 1697 noster,
1069 1653 1248 1701 protulit,
1278 1665 1396 1701 quem
1416 1652 1550 1691 dolum

152 1718 257 1756 idem
278 1718 464 1767 Aquillius
483 1724 564 1754 tum
585 1717 705 1754 teneri
731 1724 850 1765 putat,
872 1728 962 1753 cum
989 1716 1092 1753 aliud
1120 1717 1168 1753 sit
1197 1717 1426 1763 simulatum,
1447 1717 1550 1755 aliud

102 1793 135 1820 75
154 1790 295 1820 actum.
354 1783 472 1819 Hanc
492 1782 604 1830 igitur
623 1788 768 1818 tantam
789 1793 811 1817 a
827 1780 885 1818 dis
906 1781 1168 1818 inmortalibus
1188 1781 1412 1818 arbitramur
1431 1782 1549 1819 malo-

151 1860 236 1884 rum
270 1846 474 1884 sementim
504 1857 587 1883 esse
618 1845 788 1882 factam?
843 1845 879 1883 Si
909 1845 1012 1882 enim
1042 1845 1229 1882 rationem
1263 1845 1481 1883 hominibus
1510 1845 1549 1883 di

152 1911 355 1957 dederunt,
377 1911 560 1947 malitiam
581 1909 771 1947 dederunt
789 1923 797 1955 ;
829 1917 886 1946 est
907 1910 1011 1946 enim
1031 1909 1174 1946 malitia
1193 1917 1343 1946 versuta
1372 1917 1410 1947 et
1438 1910 1549 1947 fallax
1568 1924 1599 1948 2⁵

152 1977 248 2013 ratio
277 1974 473 2021 nocendi;
504 1974 622 2011 iidem
650 1974 766 2010 etiam
787 1973 827 2010 di
853 1973 1026 2010 fraudem
1047 1972 1250 2019 dederunt,
1271 1974 1417 2012 facinus
1446 1982 1548 2012 cete-

153 2052 282 2089 raque,
303 2051 468 2088 quorum
497 2038 590 2075 nihil
620 2050 693 2075 nec
723 2038 863 2086 suscipi
894 2038 974 2075 sine
1005 2037 1152 2075 ratione
1181 2049 1255 2075 nec
1285 2037 1385 2075 effici
1407 2045 1548 2088 potest.

154 2108 162 2123 ⁴
178 2104 394 2143 Utinam’
417 2103 539 2152 igitur,
561 2110 601 2140 ut
623 2102 684 2139 illa
703 2114 799 2139 anus
819 2109 938 2151 optat,

748 2211 804 2237 ne
834 2199 879 2236 in
908 2211 1102 2236 nemore
1133 2200 1267 2237 Pelio
1296 2201 1549 2239 securibus

207 2266 390 2304 Caesae
430 2264 736 2302 accidissent
774 2261 1011 2312 abiegnae
1054 2263 1110 2300 ad
1152 2263 1326 2301 terram
1368 2265 1600 2312 trabes‚30

154 2374 208 2412 sic
235 2374 346 2411 istam
374 2372 621 2410 calliditatem
646 2371 866 2409 hominibus
887 2371 926 2408 di
947 2383 995 2408 ne
1017 2371 1215 2408 dedissent
1234 2374 1241 2409 !
1271 2384 1347 2420 qua
1366 2373 1549 2422 perpauci

153 2439 254 2476 bene
276 2444 442 2482 utuntur,
463 2449 528 2485 qui
554 2443 683 2474 tamen
714 2436 784 2484 ipsi
814 2447 928 2484 saepe
949 2447 972 2472 a
992 2435 1090 2472 male
1110 2436 1305 2473 utentibus
1325 2437 1547 2485 opprimun-

153 2509 225 2548 tur,
246 2500 541 2539 innumerabiles
570 2506 700 2538 autem
730 2499 904 2548 improbe
934 2505 1101 2546 utuntur,
1123 2506 1164 2537 ut
1183 2499 1332 2537 donum
1358 2499 1434 2537 hoc
1453 2499 1548 2538 divi-
