1714 2807
149 141 224 190 138
578 147 642 179 DE
671 147 862 180 NATURA
896 147 1104 179 DEORUM.

141 252 171 288 si
201 250 294 299 quid
325 250 518 299 explanari
547 250 616 287 tibi
645 249 761 295 voles,
782 248 1019 297 respondere
1049 249 1150 286 malo
1166 263 1176 295 ;
1206 249 1263 286 sin
1283 261 1346 286 me
1375 249 1532 287 interro-

140 328 228 364 gare
259 327 337 352 non
367 321 444 351 tam
475 313 723 362 intellegendi
753 325 868 349 causa
896 325 1013 361 quam
1039 313 1248 358 refellendi,
1270 320 1395 350 utrum
1415 314 1533 359 voles,

140 380 291 425 faciam,
322 379 381 415 vel
410 378 459 415 ad
489 378 648 426 singula,
679 389 777 426 quae
814 377 995 425 requires,
1026 377 1152 414 statim
1187 377 1432 425 respondebo
1460 378 1532 424 vel,

106 455 123 480 5
142 457 231 480 cum
251 444 449 492 peroraris,
471 442 520 479 ad
542 443 684 479 omnia.
731 442 833 478 Tum
856 441 971 478 Cotta
989 455 994 477 :
1028 441 1199 489 Optime,
1222 441 1354 489 inquit.
1404 442 1531 490 Quam

100 508 123 543 2
141 509 191 545 ob
220 520 301 544 rem
331 507 384 544 sic
414 519 584 555 agamus,
606 513 646 542 ut
676 518 746 542 nos
778 506 859 553 ipsa
883 505 1000 541 ducet
1020 505 1153 541 oratio.
1211 505 1287 542 Sed
1307 513 1395 542 ante
1417 518 1533 554 quam
1560 523 1574 547 s

140 572 189 609 de
210 584 262 615 re,
284 560 410 620 pauca
429 571 478 607 de
499 582 574 607 me.
629 570 719 607 Non
741 570 842 606 enim
865 568 1112 605 mediocriter
1131 581 1289 606 moveor
1309 571 1533 607 auctoritate

139 642 217 681 tua,
238 635 370 679 Balbe,
393 635 643 682 orationeque
665 646 722 678 ea,
745 645 842 681 quae
864 645 926 669 me
949 633 985 669 in
1007 633 1224 681 perorando
1249 634 1532 680 cohortabatur,

139 707 181 736 ut
211 699 473 736 meminissem
507 710 570 735 me
604 705 642 734 et
673 698 827 735 Cottam
860 709 942 733 esse
976 704 1013 733 et
1045 697 1294 745 pontificem;
1334 697 1440 746 quod
1471 710 1531 744 eo,

139 763 271 808 credo,
292 763 454 808 valebat,
477 769 518 799 ut
538 762 754 810 opinioneS,
776 773 869 809 quas
890 773 912 797 a
932 761 1139 798 maioribus
1159 762 1382 809 accepimus
1403 761 1452 798 de
1473 761 1532 798 dis

139 827 414 871 inmortalibus,
431 838 550 870 sacra,
568 825 820 862 caerimonias
841 825 1122 873 religionesque
1143 824 1405 862 defenderem.
1448 826 1532 874 Ego
1553 843 1584 860 ιο

138 903 229 928 vero
259 903 322 928 eas
352 890 561 927 defendam
591 901 744 937 semper
772 900 1004 936 semperque
1035 888 1205 933 defendi,
1227 901 1300 925 nec
1329 900 1391 926 me
1415 901 1463 926 ex
1487 901 1534 926 ea

139 956 336 1004 opinione,
359 967 476 1003 quam
499 967 522 990 a
545 954 751 990 maioribus
781 954 916 1001 accepi
946 952 995 990 de
1026 953 1129 989 cultu
1160 952 1322 990 deorum
1352 953 1531 990 inmorta-

137 1020 242 1064 lium,
264 1019 373 1056 ullius
394 1030 577 1066 umquam
598 1018 718 1055 oratio
740 1024 804 1054 aut
825 1017 929 1054 docti
957 1024 1022 1054 aut
1046 1016 1192 1054 indocti
1216 1017 1396 1055 movebit.
1454 1017 1532 1055 Sed

139 1096 227 1120 cum
275 1083 324 1120 de
372 1083 554 1130 religione
602 1082 734 1130 agitur,
781 1082 840 1118 Ti,
882 1082 1182 1125 Coruncanium,
1223 1082 1263 1118 P.
1297 1082 1530 1129 Scipionem,

139 1149 180 1184 P.
203 1148 439 1192 Scaevolam,
461 1147 665 1195 pontifices
686 1146 886 1190 maximos,
908 1158 986 1182 non
1011 1146 1209 1182 Zenonem
1229 1152 1293 1182 aut
1314 1146 1529 1183 Cleanthen
1551 1163 1580 1187 ις

137 1211 494 1260 autzChrysippum
527 1222 668 1258 sequor
701 1209 905 1258 habeoque
938 1210 981 1247 C.
1014 1210 1185 1246 Laelium
1219 1222 1402 1258 augurem
1436 1222 1529 1247 eun-

137 1276 306 1324 demque
329 1275 555 1324 sapientem,
577 1286 692 1322 quem
713 1274 840 1322 potius
864 1273 1018 1310 audiam
1043 1273 1238 1310 dicentem
1268 1273 1317 1310 de
1347 1274 1529 1322 religione

136 1341 175 1377 in
204 1340 265 1377 illa
294 1340 467 1376 oratione
496 1338 613 1375 nobili
643 1350 760 1385 quam
790 1350 1024 1385 quemquam
1055 1338 1271 1386 principem
1301 1338 1528 1376 Stoicorum.

137 1405 315 1452 Cumque
347 1403 471 1440 omnis
501 1402 633 1451 populi
665 1402 833 1439 Romani
864 1402 995 1450 religio
1027 1402 1064 1438 in
1096 1414 1204 1439 sacra
1233 1409 1271 1439 et
1299 1402 1337 1439 in
1358 1403 1530 1451 auspicia

136 1468 257 1505 divisa
276 1469 334 1513 sit,
356 1468 508 1504 tertium
528 1466 755 1503 adiunctum
776 1467 834 1511 sit,
856 1466 886 1503 si
914 1465 1007 1514 quid
1034 1466 1307 1514 praedictionis
1337 1479 1454 1504 causa
1481 1479 1529 1504 ex
1547 1483 1580 1500 πο

135 1532 320 1581 portentis
349 1539 388 1568 et
416 1531 595 1568 monstris
625 1531 786 1578 Sibyllae
817 1530 1041 1578 interpretes
1071 1530 1340 1578 haruspicesve
1367 1543 1526 1569 monue-

134 1604 233 1642 runt,
268 1596 402 1633 harum
436 1607 509 1644 ego
541 1595 769 1643 religionum
804 1595 947 1631 nullam
979 1607 1164 1642 umquam
1199 1595 1527 1633 contemnendam

135 1661 264 1709 putavi
293 1660 463 1708 mihique
491 1660 542 1696 ita
570 1659 751 1707 persuasi,
775 1659 985 1695 Romulum
1006 1659 1199 1707 auspiciis,
1222 1660 1392 1696 Numam
1411 1661 1528 1697 sacris

135 1725 351 1762 constitutis
380 1723 631 1761 fundamenta
660 1723 794 1760 iecisse
825 1730 976 1759 nostrae
1001 1723 1174 1768 civitatis,
1196 1735 1294 1771 quae
1314 1736 1526 1772 numquam

134 1790 309 1838 profecto
329 1789 411 1825 sine
431 1800 582 1825 summa
602 1787 818 1835 placatione
840 1787 1001 1824 deorum
1023 1787 1280 1824 inmortalium
1307 1795 1414 1825 tanta
1442 1801 1525 1826 esse
1544 1805 1576 1829 2⁵

99 1854 331 1902 opotuisset.
391 1852 539 1896 Habes,
576 1852 705 1896 Balbe,
741 1850 834 1899 quid
868 1852 994 1897 Cotta,
1030 1851 1122 1899 quid
1157 1852 1329 1900 pontifex
1362 1853 1524 1900 sentiat,

133 1918 192 1954 fac
213 1929 318 1954 nunc
338 1928 411 1965 ego
433 1916 664 1964 intellegam,
687 1923 726 1952 tu
747 1915 840 1963 quid
862 1915 1015 1952 sentias.
1056 1917 1089 1952 A
1110 1922 1147 1952 te
1168 1916 1270 1952 enim
1291 1916 1525 1966 philosopho

132 1982 321 2019 rationem
355 1981 532 2028 accipere
571 1979 698 2017 debeo
736 1979 940 2027 religionis,
976 1980 1182 2016 maioribus
1220 1987 1349 2017 autem
1387 1982 1523 2019 nostris

95 2053 118 2087 3
135 2047 250 2082 etiam
271 2046 373 2082 nulla
392 2045 539 2081 ratione
559 2043 711 2080 reddita
731 2043 900 2080 credere.
944 2044 1043 2080 Tum
1068 2044 1208 2081 Balbus
1225 2059 1232 2081 :
1265 2045 1393 2092 Quam
1415 2045 1525 2093 igitur

132 2123 155 2146 a
183 2121 246 2147 me
275 2110 474 2153 rationem,
506 2109 639 2156 inquit,
669 2108 795 2153 Cotta,
824 2107 1047 2144 desideras?
1103 2109 1153 2144 Et
1174 2108 1258 2145 ille:
1291 2108 1522 2158 Quadriper-
1542 2125 1575 2149 30

132 2175 211 2219 tita,
233 2174 366 2222 inquit,
388 2173 455 2209 suit
475 2172 611 2209 divisio
636 2178 711 2217 tua,
732 2172 898 2220 primum
925 2178 966 2208 ut
985 2171 1099 2208 velles
1129 2171 1272 2209 docere
1302 2172 1396 2210 deos
1426 2185 1521 2220 esse,

132 2237 275 2275 deinde
305 2237 436 2285 quales
465 2243 604 2281 essent,
626 2242 706 2272 tum
727 2235 775 2273 ab
801 2235 844 2272 iis
871 2235 1062 2272 mundum
1091 2236 1181 2284 regi,
1203 2244 1400 2284 postremo
1429 2249 1521 2274 con-

131 2303 253 2339 sulere
274 2314 341 2338 eos
361 2301 475 2338 rebus
495 2300 684 2337 humanis.
744 2300 868 2344 Haec,
890 2299 920 2336 si
940 2306 1044 2336 recte
1069 2300 1238 2346 memini,
1260 2301 1412 2349 partitio
1441 2301 1521 2338 fuit.

133 2367 389 2411 Rectissume,
410 2365 533 2413 inquit
554 2365 720 2409 Ball›us;
751 2363 820 2400 sed
841 2370 1019 2411 expecto,
1041 2364 1134 2412 quid
1154 2365 1333 2412 requiras.

184 2431 219 2468 T
221 2443 285 2467 um
306 2430 445 2468 Cotta:
479 2429 646 2465 Primum
666 2426 836 2476 quidque
855 2426 1068 2473 videamus,
1089 2428 1211 2476 inquit
1226 2441 1236 2474 ;
1266 2435 1315 2474 et,
1337 2429 1367 2465 si
1397 2428 1435 2466 id
1465 2436 1522 2466 est
1540 2443 1571 2467 3⁵
