1714 2807
153 181 167 210 1
182 169 232 210 16
582 177 645 208 DE
670 176 862 208 NATURA
893 175 1105 208 DEORUM.

88 281 261 318 115Haec
291 280 418 317 omnis
447 278 645 327 discriptio
673 277 841 315 siderum
871 283 985 326 atque
1015 277 1078 314 hic
1107 283 1234 314 tantus
1263 278 1358 315 caeli
1387 286 1542 317 ornatus

147 357 193 382 ex
215 345 439 393 corporibus
460 344 535 380 huc
557 350 594 380 et
624 343 710 379 illuc
739 354 831 379 casu
861 347 900 378 et
928 348 1073 378 temere
1104 342 1344 379 cursantibus
1373 344 1543 391 potuisse

147 409 247 446 effici
287 409 468 456 cuiquam
507 419 601 444 sano
631 406 750 442 videri
779 406 935 454 potest?
967 414 1032 442 aut
1060 417 1150 442 vero
1181 406 1253 442 alia
1281 418 1380 454 quae
1410 414 1544 444 natura

147 473 287 510 mentis
308 480 345 509 et
365 472 520 508 rationis
543 483 678 519 expers
700 470 795 507 haec
823 469 976 507 efficere
1006 471 1158 518 potuit?
1186 482 1285 518 quae
1314 483 1392 508 non
1423 470 1543 508 modo

147 544 188 575 ut
208 537 343 574 fierent
363 536 509 573 ratione
531 542 730 584 eguerunt,
751 534 820 571 sed
840 534 1006 583 intellegi
1033 534 1159 583 qualia
1187 535 1262 572 sint
1291 535 1372 572 sine
1392 547 1544 572 summa
1570 548 1585 572 5

147 602 293 638 ratione
314 612 393 638 non
414 606 587 648 possunt.

90 674 138 709 45
203 666 289 703 Nec
318 677 408 701 vero
438 664 536 701 haec
573 663 698 700 solum
732 662 982 707 admirabilia,
1013 662 1083 700 sed
1121 662 1214 700 nihil
1252 663 1386 709 maius,
1425 675 1542 711 quam

148 729 255 778 quod
276 730 328 766 ita
347 729 490 766 stabilis
514 733 572 765 est
600 726 768 764 mundus
797 733 912 774 atque
943 727 994 763 ita
1023 726 1206 764 cohaeret
1234 726 1284 764 ad
1313 739 1541 775 permanen-

149 793 255 839 dum,
276 800 316 830 ut
337 793 430 829 nihil
449 804 498 829 ne
519 791 729 840 excogitari
750 790 909 839 quidem
930 791 1051 839 possit
1071 791 1207 840 aptius.
1265 791 1414 829 Omnes
1438 792 1542 829 enim

148 864 274 906 partes
295 857 377 894 eius
396 855 569 904 undique
590 855 762 892 medium
783 855 913 892 locum
934 861 1182 903 capessentes
1201 855 1374 892 nituntur
1401 867 1541 904 aequa·
1563 870 1595 888 πο

149 923 242 959 liter.
301 921 473 959 Maxime
494 927 623 957 autem
644 931 808 967 corpora
838 919 935 956 inter
963 931 1003 956 se
1033 920 1163 956 iuncta
1191 926 1432 968 permanent,
1453 932 1544 957 cum

149 986 256 1034 quasi
286 985 457 1034 quodam
486 984 640 1021 vinculo
679 982 919 1020 circumdato
949 983 1200 1032 colligantur3
1239 983 1347 1032 quod
1375 984 1466 1021 facit
1499 996 1546 1021 ea

148 1058 294 1095 natura,
316 1061 415 1097 quae
437 1061 505 1097 per
524 1060 681 1085 omnem
704 1047 894 1084 mundum
914 1048 1046 1084 onmia
1065 1055 1196 1085 mente
1217 1055 1253 1085 et
1273 1049 1421 1085 ratione
1450 1060 1543 1085 con·
1592 1095 1594 1097 Ι

149 1115 282 1151 ficiens
321 1113 492 1151 funditur
530 1119 568 1150 et
606 1112 656 1149 ad
694 1111 867 1148 medium
906 1112 1003 1160 rapit
1041 1120 1078 1148 et
1126 1113 1313 1150 convertit
1360 1120 1543 1150 extrema.

91 1180 357 1227 116Quocirca,
387 1178 418 1215 si
447 1176 616 1214 mundus
645 1177 826 1225 globosus
856 1183 913 1213 est
942 1177 993 1213 ob
1023 1188 1187 1225 eamque
1217 1189 1374 1214 causam
1407 1189 1544 1215 omnes
1564 1194 1594 1218 ις

150 1245 231 1281 eius
252 1250 377 1291 partes
398 1242 571 1290 undique
593 1241 814 1289 aequabiles
836 1240 940 1289 ipsae
961 1253 1031 1289 per
1049 1227 1226 1289 se*atque
1256 1241 1354 1278 inter
1382 1253 1422 1278 se
1452 1253 1545 1279 con-

150 1309 329 1352 tinentur,
360 1307 583 1355 contingere
612 1305 718 1343 idem
747 1312 869 1342 terrae
899 1317 1059 1342 necesse
1089 1312 1157 1350 est,
1188 1312 1228 1342 ut
1256 1306 1435 1343 omnibus
1464 1306 1546 1343 eius

150 1373 320 1421 partibus
340 1372 378 1408 in
399 1371 572 1408 medium
592 1370 836 1418 vergentibus
863 1369 922 1417 (id
944 1376 1072 1406 autem
1102 1369 1274 1407 medium
1303 1366 1478 1407 infimum
1508 1371 1546 1407 in

151 1437 314 1486 sphaera
333 1436 410 1482 est)
436 1435 529 1472 nihil
550 1435 811 1482 interrumpat,
833 1446 911 1482 quo
932 1434 1151 1471 labefactari
1172 1435 1292 1482 possit
1319 1441 1425 1472 tanta
1453 1447 1545 1472 con-

150 1502 272 1538 tentio
301 1500 490 1549 gravitatis
520 1506 558 1536 et
586 1498 817 1547 ponderum.
876 1497 1104 1547 Eademque
1134 1499 1280 1536 ratione
1309 1511 1426 1545 mare,
1456 1512 1546 1536 cum
1566 1517 1599 1535 20

153 1577 267 1614 supra
286 1572 423 1601 terram
444 1565 502 1609 sit,
526 1563 699 1600 medium
720 1570 850 1600 tamen
872 1569 993 1600 terrae
1015 1563 1145 1600 locum
1175 1570 1361 1612 expetens
1390 1564 1547 1613 conglo-

152 1630 263 1667 batur
301 1628 472 1677 undique
512 1627 761 1675 aequabiliter
798 1639 926 1675 neque
964 1626 1156 1664 redundat
1193 1640 1378 1676 umquam
1419 1640 1548 1676 neque

95 1705 143 1731 117
155 1693 371 1731 effunditur.
432 1693 537 1729 Huic
556 1698 686 1729 autern
710 1692 914 1729 continens
943 1693 1008 1729 a'e'r
1036 1692 1152 1728 fertur
1180 1692 1239 1729 ille
1269 1692 1428 1740 quidem
1457 1693 1547 1729 levi-

153 1765 230 1795 tate
251 1758 427 1802 sublime,
448 1756 518 1793 sed
538 1763 667 1793 tamen
689 1756 727 1793 in
747 1768 884 1793 omnes
905 1763 1030 1805 partes
1060 1769 1100 1793 se
1130 1757 1210 1805 ipse
1240 1757 1389 1803 fundit;
1421 1758 1548 1806 itaque

154 1830 193 1860 et
214 1823 307 1859 mari
328 1822 572 1858 continuatus
602 1827 640 1857 et
669 1821 820 1857 iunctus
850 1827 906 1857 est
936 1828 973 1858 et
1003 1828 1135 1858 natura
1164 1821 1279 1858 fertur
1306 1821 1356 1858 ad
1386 1821 1547 1867 caelum,
1568 1841 1599 1865 25

155 1887 262 1924 cuius
283 1887 467 1923 tenuitate
489 1892 527 1922 et
547 1885 674 1922 calore
696 1892 930 1933 temperatus
961 1885 1113 1922 vitalem
1143 1892 1180 1922 et
1209 1886 1413 1923 salutarem
1441 1886 1548 1934 spiri-

154 1959 236 1989 tum
256 1952 415 2000 praebet
435 1951 704 1987 animantibus.
763 1950 893 1997 Quem
915 1950 1118 1998 complexa
1147 1962 1297 1986 summa
1325 1962 1411 1999 pars
1441 1950 1548 1995 caeli,

157 2028 256 2064 quae
277 2015 444 2052 aetheria
464 2014 615 2060 dicitur,
637 2021 675 2052 et
695 2027 807 2051 suum
827 2015 963 2051 retinet
989 2014 1164 2051 ardorem
1194 2021 1352 2051 tenuem
1382 2021 1419 2051 et
1448 2014 1552 2051 nulla

157 2080 394 2117 admixtione
424 2086 650 2116 concretum
681 2085 718 2115 et
757 2091 847 2115 cum
885 2079 980 2115 aeris
1019 2078 1256 2115 extremitate
1296 2079 1550 2127 coniungitur.

98 2146 205 2184 46111
225 2144 380 2180 aethere
401 2150 529 2180 autem
560 2150 659 2179 astra
679 2142 892 2187 volvuntur,
916 2154 1014 2190 quae
1044 2154 1084 2179 se
1115 2149 1151 2179 et
1181 2143 1264 2179 nisu
1294 2155 1364 2179 suo
1394 2143 1550 2192 conglo-
1570 2158 1602 2182 30

157 2209 246 2246 bata
266 2208 467 2244 continent
487 2214 525 2244 et
546 2208 666 2244 forma
687 2208 767 2255 ipsa
789 2207 985 2255 figuraque
1006 2219 1075 2243 sua
1096 2213 1293 2243 momenta
1313 2214 1550 2254 sustentant3

158 2280 245 2310 sunt
265 2273 368 2309 enim
388 2271 564 2316 rotunda,
582 2272 719 2319 quibus
741 2271 881 2315 formis,
902 2278 942 2307 ut
962 2278 1049 2307 ante
1071 2271 1210 2308 dixisse
1230 2271 1375 2317 videor,
1395 2271 1551 2308 minime

101 2338 289 2377 nsnoceri
314 2343 453 2385 potest.
510 2337 604 2374 Sunt
633 2343 762 2372 autem
791 2335 920 2372 stellae
950 2343 1083 2372 natura
1113 2335 1339 2381 flammeae5
1371 2337 1553 2383 quocirca

158 2409 292 2446 terrae,
314 2402 439 2446 maris,
460 2413 644 2449 aquarum
665 2400 867 2448 vaporibus
887 2399 1036 2436 aluntur
1058 2400 1112 2445 iis,
1134 2400 1199 2447 qui
1220 2412 1242 2436 a
1270 2400 1349 2436 sole
1379 2412 1427 2436 ex
1455 2400 1552 2448 agris

159 2466 362 2514 tepefactis
395 2472 434 2502 et
471 2477 519 2501 ex
555 2465 663 2513 aquis
702 2465 928 2510 excitantur,
965 2464 1103 2512 quibus
1137 2464 1235 2501 altae
1269 2472 1550 2512 renovataeque
1571 2477 1602 2502 35

86 1042 127 1066 Χ
