1714 2807
174 208 231 248 40
610 208 673 238 DE
703 208 893 239 NATURA
925 208 1134 239 DEORUM.

175 321 336 357 corpore
366 309 397 346 si
426 309 585 346 minima
605 321 652 346 ex
680 317 786 357 parte
807 309 861 346 sic
883 309 1079 354 afficiatur,
1101 310 1304 347 molestum
1325 311 1384 357 sit,
1405 323 1473 348 cur
1491 310 1567 349 hoc

175 373 280 411 idem
310 385 389 410 non
420 373 604 410 habeatur
631 374 835 410 molestum
867 373 905 409 in
933 373 1038 410 deo?
1092 375 1211 410 Terra
1244 375 1346 411 enim
1380 376 1566 424 profecto,

175 438 357 486 quoniam
392 437 526 473 mundi
560 449 646 485 pars
681 444 748 481 est,
779 449 864 484 pars
899 444 955 473 est
990 438 1106 474 etiam
1137 438 1211 474 dei.
1285 439 1403 486 Atqui
1447 446 1567 476 terrae

177 514 374 538 maxumas
403 502 579 550 regiones
610 500 864 537 inhabitabilis
898 508 1013 549 atque
1053 502 1214 538 incultas
1243 502 1431 548 videmus,
1462 503 1568 551 quod

176 578 261 614 pars
281 577 413 602 earum
434 565 596 613 adpulsu
627 565 716 601 solis
746 565 937 610 exarserit,
959 577 1045 613 pars
1075 566 1281 614 obriguerit
1310 567 1395 603 nive
1416 568 1566 616 pruina·
1595 581 1609 606 s

175 642 250 678 que
271 630 482 678 longinquo
509 629 598 666 solis
628 629 809 666 abscessu
825 642 835 675 5
866 641 977 677 quae,
999 630 1030 666 si
1059 630 1226 666 mundus
1257 637 1313 667 est
1343 630 1451 677 deus,
1473 643 1566 680 quo-

176 695 278 731 niam
305 694 439 731 mundi
470 701 597 743 partes
629 700 727 739 sunt,
750 693 813 730 dei
844 694 1019 731 membra
1050 695 1189 742 partim
1225 694 1409 741 ardentia,
1430 696 1568 744 panim

176 759 390 806 refrigerata
410 758 578 796 dicenda
598 765 698 796 sunt.

126 827 158 852 25
228 824 353 870 Atque
374 822 470 859 haec
490 822 647 870 quidem
668 829 802 868 vestra,
821 822 955 859 Lucili.
1004 822 1142 870 Qualia
1160 834 1250 860 vero
1270 830 1400 860 vetera
1418 824 1502 869 sint,
1520 825 1569 861 ab

122 1420 156 1446 26
173 1401 406 1449 possumus?
462 1402 551 1438 Post
576 1401 834 1439 Anaximenes
859 1402 948 1439 ae'ra
967 1401 1086 1439 deum
1109 1403 1250 1448 statuit,
1272 1414 1389 1451 eumq

175 886 308 923 ultimo
337 893 509 934 repetam
538 887 789 934 superiorum.
818 894 822 932 ξ
846 887 988 923 Thales
1008 887 1112 923 enim
1133 887 1320 933 Milesius,
1341 888 1404 935 qui
1426 889 1568 936 primus
1589 905 1620 921 ιο

176 950 225 987 de
259 950 397 987 talibus
429 951 542 988 rebus
577 951 775 998 quaesivit,
811 963 952 999 aquam
987 951 1082 988 dixit
1119 963 1203 988 esse
1243 951 1390 988 initium
1429 964 1567 998 rerum,

176 1014 293 1051 deum
322 1021 450 1052 autem
480 1026 566 1051 eam
595 1022 779 1060 mentem,
801 1027 901 1063 quae
931 1028 978 1052 ex
1008 1027 1108 1063 aqua
1134 1022 1275 1052 cuncta
1301 1016 1473 1065 fingeret.
1530 1017 1566 1054 Si

175 1078 215 1115 di
238 1086 398 1126 possunt
427 1090 509 1116 esse
539 1079 620 1116 sine
650 1091 764 1116 sensu
796 1087 833 1116 et
862 1087 1004 1124 mente,
1027 1092 1094 1116 cur
1113 1092 1236 1128 aquae
1258 1087 1430 1126 mentem,
1453 1081 1572 1118 menti
1613 1096 1616 1098 ’

174 1149 303 1180 autem
327 1155 400 1179 cur
420 1156 565 1191 aquam
591 1143 776 1189 adiunxit,
799 1144 830 1180 si
851 1144 934 1192 ipsa
955 1157 1063 1181 mens
1084 1151 1261 1181 constare
1282 1151 1409 1193 potest
1429 1157 1568 1182 vacans

175 1208 366 1256 corpore?
419 1207 695 1244 Anaximandri
734 1215 863 1245 autem
903 1209 1036 1257 opinio
1074 1215 1132 1246 est
1168 1209 1318 1246 nativos
1357 1206 1443 1246 esse'
1473 1208 1568 1246 deos
1588 1229 1618 1253 ις

174 1271 297 1320 longis
331 1271 533 1308 intervallis
567 1272 722 1309 orientis
758 1272 1066 1321 occidentisque,
1096 1285 1243 1321 eosque
1282 1273 1567 1311 innumerabilis

174 1347 258 1373 esse
278 1335 457 1373 mundos.
515 1335 591 1374 Sed
617 1348 688 1373 nos
709 1336 828 1374 deum
854 1337 925 1373 nisi
953 1337 1230 1385 sempiternum
1258 1337 1363 1374 intell
1438 1349 1478 1375 re
1503 1338 1568 1386 qui

1366 1349 1566 1452 effi—'gigni

173 1477 335 1513 esseque
361 1465 578 1502 inmensum
605 1471 644 1502 et
672 1465 862 1502 infinitum
889 1472 926 1503 et
953 1478 1106 1514 semper
1138 1466 1177 1503 in
1204 1473 1311 1503 motu
1327 1480 1337 1513 3
1368 1465 1476 1514 quasi
1498 1471 1598 1534 Q
1706 1480 1710 1482 ·

172 1530 237 1567 aiir
262 1530 343 1566 sine
371 1529 447 1566 ulla
472 1529 594 1566 forma
614 1528 710 1566 deus
735 1541 818 1566 esse
843 1530 975 1578 possit,
997 1542 1087 1566 cum
1106 1531 1328 1578 praesertim
1350 1529 1467 1567 deum
1488 1542 1566 1567 non
1579 1521 1714 1577 Q

172 1593 294 1631 modo
332 1594 469 1641 aliqua,
504 1592 575 1630 sed
612 1593 869 1641 pulcherrima
907 1594 1038 1642 specie
1077 1593 1216 1631 deceat
1253 1606 1350 1640 esse,
1386 1602 1451 1632 aut
1488 1607 1567 1631 non
1702 1586 1714 1627 Ι

114 1660 161 1696 11
173 1670 301 1705 omne,
332 1657 439 1706 quod
472 1664 599 1694 ortum
633 1658 690 1703 sit,
721 1658 929 1695 mortalitas
959 1665 1229 1706 consequatur.
1288 1659 1381 1695 Inde
1418 1660 1565 1695 Anaxa-

120 2183 153 2211 27

173 1735 295 1771 goras,
323 1722 389 1770 qui
417 1722 570 1770 accepit
598 1722 646 1759 ab
670 1722 909 1759 Anaximene
933 1721 1190 1770 disciplinam,
1218 1722 1360 1771 primus
1392 1723 1566 1760 emnium

173 1799 298 1824 rerum
324 1786 615 1835 discriptionem
650 1792 687 1823 et
719 1785 882 1823 modum
910 1786 1051 1823 mentis
1080 1786 1251 1824 infinitae
1279 1786 1315 1823 vi
1345 1779 1392 1823 ac
1419 1787 1566 1824 ratione

173 1851 372 1899 dissignari
405 1856 443 1887 et
477 1849 618 1887 confici
651 1850 794 1897 voluit3
830 1850 868 1887 in
901 1862 980 1898 quo
1013 1863 1093 1887 non
1126 1849 1222 1888 vidit
1254 1862 1382 1899 neque
1417 1858 1566 1888 motum
1586 1867 1616 1897 2⁵.

172 1915 301 1952 sensui
334 1915 508 1952 iunctum
543 1920 582 1951 et
616 1915 882 1951 continentem
915 1913 955 1951 in
989 1914 1138 1952 infinito
1170 1915 1290 1952 ullum
1329 1926 1413 1952 esse
1452 1926 1566 1964 posse

172 1991 299 2028 neque
339 1991 496 2016 sensum
533 1979 706 2023 omnino,
742 1991 820 2026 quo
853 1991 934 2015 non
967 1979 1051 2027 ipsa
1083 1985 1219 2015 natura
1251 1979 1361 2027 pulsa
1397 1980 1566 2016 sentiret.

174 2044 327 2081 Deinde
357 2044 388 2081 si
417 2050 589 2080 mentem
615 2043 726 2080 istam
750 2043 858 2091 quasi
885 2043 1026 2080 animal
1053 2042 1210 2091 aliquod
1233 2043 1351 2081 voluit
1376 2055 1472 2089 esse,
1498 2043 1567 2080 erit

172 2108 314 2156 aliquid
349 2108 516 2153 interius,
547 2120 595 2144 ex
624 2120 702 2155 quo
736 2107 828 2144 illud
861 2107 1003 2144 animal
1035 2108 1280 2154 nominetur;
1309 2107 1404 2156 quid
1437 2114 1566 2144 autem

173 2173 327 2209 interius
360 2173 519 2209 mente?
547 2172 720 2220 cingatur
753 2171 865 2219 igitur
897 2183 1059 2220 corpore
1094 2178 1264 2209 externo.
1322 2171 1440 2219 Quod
1469 2176 1565 2240 (ξο-
1585 2187 1618 2211 30

171 2237 274 2273 niam
303 2249 382 2273 non
410 2236 550 2285 placet,
581 2243 713 2284 aperta
743 2235 984 2283 simplexque
1019 2247 1129 2272 mens
1162 2236 1266 2272 nulla
1297 2248 1337 2273 re
1370 2233 1566 2281 adiun‘cta,

172 2314 247 2349 qua
266 2302 406 2338 sentire
426 2302 558 2350 possit,
580 2301 710 2349 sugere
735 2300 1016 2349 intellegentiae
1040 2307 1192 2337 nostrae
1211 2301 1290 2337 vim
1310 2307 1348 2337 et
1367 2301 1566 2337 notionem

170 2365 332 2403 videtur.
366 2366 635 2403 ‘Crotoniates
669 2372 798 2402 autem
832 2364 1030 2409 Alcmaeo,
1061 2365 1125 2412 qui
1160 2365 1229 2401 soli
1264 2371 1301 2401 et
1334 2364 1447 2401 lunae
1481 2364 1565 2401 reli-

171 2430 332 2477 quisque
356 2422 553 2466 'sideribus
587 2429 795 2477 animoque
834 2436 1032 2478 praeterea
1062 2428 1303 2465 divinitatem
1333 2428 1454 2474 dedit,
1486 2440 1566 2465 non

170 2493 287 2532 sensit
321 2505 404 2532 sese
443 2493 664 2532 mortalibus
702 2493 815 2532 rebus
853 2493 1166 2532 inmortalitatem
1195 2492 1299 2531 dare.
1357 2493 1460 2530 Nam
1495 2493 1564 2540 Py·
1585 2504 1616 2529 ³⁵
