1681 2752
431 163 516 194 Lm.
541 161 567 192 1.
612 160 692 191 CAP.
720 157 917 189 xv-xvu.
965 156 1003 195 §5
1022 155 1138 194 3⁰0-44.
1424 149 1475 190 45

89 269 268 319 appellat,
285 266 559 315 sempiternam
578 273 704 299 rerum
725 260 935 297 futurarum
950 256 1149 293 veritatem
1165 268 1175 301 5
1205 265 1368 302 quorum
1389 251 1482 288 nihil

88 335 162 371 tale
183 340 252 378 est,
273 338 315 368 ut
335 331 374 367 in
393 341 442 366 eo
460 328 516 364 vis
536 326 666 364 divina
684 325 809 361 inesse
830 321 1014 358 videatur.
1073 320 1122 356 Et
1146 318 1244 355 haec
1264 316 1423 365 quidem
1444 315 1482 351 in
1499 324 1531 350 41

88 398 214 447 primo
243 396 339 432 libro
360 393 409 431 de
430 399 565 429 natura
584 389 745 427 deorum
763 400 771 431 ς
803 387 840 423 in
870 383 1046 422 secundo
1075 390 1205 419 autem
1225 381 1302 417 volt
1323 379 1482 428 Orphei,

92 460 254 505 Musaei,
279 456 447 496 Hesiodi
477 455 718 501 Homerique
740 451 894 489 fabellas
915 446 1214 486 accommodare
1236 445 1286 482 ad
1306 457 1363 490 ea,
1385 455 1483 492 quae

50 539 65 563 ⁵
92 527 172 575 ipse
193 525 318 574 primo
338 523 434 560 libro
454 520 504 558 de
525 519 608 557 deis
629 516 892 555 inmortalibus
912 514 1071 557 dixerat,
1093 519 1133 548 ut
1161 511 1276 548 etiam
1295 508 1486 546 veterrimi

92 591 245 639 poetae,
265 588 332 636 qui
360 586 458 623 haec
477 596 526 621 ne
546 582 729 631 suspicati
750 580 909 629 quidem
939 579 1026 623 sint,
1048 575 1166 614 Stoici
1196 575 1309 611 fuisse
1329 572 1485 609 videan-

93 663 163 692 tur.
222 653 351 700 Quem
382 650 579 698 Diogenes
610 645 842 694 Babylonius
872 652 1116 689 consequens
1146 639 1185 676 in
1215 650 1263 675 eo
1291 638 1401 682 libro,
1422 637 1487 684 qui

95 717 310 756 inscribitur
329 714 379 752 de
402 714 589 757 Minerva,
611 718 762 759 parturn
783 708 885 746 Iovis
905 714 1109 752 ortumque
1130 703 1283 751 virginis
1312 701 1363 738 ad
1392 701 1487 749 phy-

95 781 295 830 siologiam
314 778 520 816 traducens
540 775 703 824 diiungit
722 787 745 810 a
763 772 902 810 fabula.

48 861 80 877 10
152 844 327 894 Exposui
363 844 441 880 fere
479 853 559 879 non
597 838 916 889 pbilosophorum
955 834 1109 879 iudicia,
1144 831 1215 869 sed
1247 831 1490 868 delirantium

97 910 259 948 somnia.
317 908 404 946 Nec
433 907 536 944 enim
565 905 686 942 multo
715 901 939 940 absurdiora
966 906 1054 936 sunt
1081 910 1138 942 ea,
1161 908 1260 944 quae
1289 895 1491 944 poetarum

98 975 258 1012 vocibus
291 973 375 1010 fusa
408 972 490 1020 ipsa
522 970 706 1007 suavitate
735 971 963 1010 nocuerunt,
993 963 1059 1011 qui
1088 969 1126 998 et
1155 961 1209 997 ira
1237 959 1493 996 inflammatos

101 1046 140 1077 et
158 1038 316 1076 libidine
336 1036 492 1073 furentis
513 1033 746 1071 induxerunt
766 1030 862 1068 deos
882 1029 1146 1074 feceruntque,
1166 1032 1209 1061 ut
1229 1036 1362 1060 eomm
1382 1022 1493 1067 bella,

101 1103 258 1153 proelia,
297 1112 458 1150 pugnas,
493 1098 649 1135 vulnera
680 1095 911 1139 videremus,
947 1091 1038 1129 odia
1074 1097 1283 1139 praeterea,
1319 1086 1495 1131 discidia,

56 1184 85 1208 15
103 1166 329 1211 discordias,
360 1172 477 1210 ortus,
507 1162 692 1206 interitus,
720 1159 918 1208 querellas,
947 1155 1256 1199 lamentationes,
1286 1152 1425 1189 effusas
1459 1151 1498 1187 in

103 1232 212 1270 omni
240 1228 536 1278 intemperantia
564 1226 754 1270 libidines,
784 1221 983 1267 adulteria,
1005 1219 1171 1264 vincula,
1203 1230 1292 1253 cum
1326 1216 1498 1253 humano

104 1307 245 1347 genere
274 1293 505 1332 concubitus
533 1290 780 1337 mortalisque
810 1300 859 1324 ex
887 1284 1076 1322 inmortali
1105 1289 1340 1331 procreatos.
1398 1281 1499 1317 Cum
1517 1290 1549 1316 43

105 1361 307 1411 poetarum
344 1364 475 1394 autern
513 1366 638 1392 errore
676 1353 910 1400 coniungere
948 1350 1039 1386 licet
1075 1354 1254 1396 portenta
1299 1357 1500 1393 magorum

106 1423 462 1473 Aegyptiorumque
489 1420 529 1457 in
555 1418 698 1456 eodem
723 1428 863 1466 genere
885 1413 1134 1458 dementiam,
1154 1418 1238 1448 tum
1265 1410 1381 1446 etiam
1400 1408 1503 1456 vulgi

58 1489 322 1539 mopinioneS‚
353 1497 452 1535 quae
491 1485 531 1522 in
569 1483 736 1520 maxima
773 1478 1031 1517 inconstantia
1058 1476 1224 1513 veritatis
1263 1473 1502 1522 ignoratione

109 1559 316 1591 versantur.
392 1551 451 1587 Ea
487 1548 554 1597 qui
590 1545 811 1584 consideret
848 1556 965 1592 quam
1006 1540 1222 1578 inconsulte
1267 1551 1313 1575 ac
1357 1545 1503 1574 temere

110 1618 298 1662 dicantur,
318 1614 491 1652 venerari
519 1612 731 1661 Epicurum
759 1616 797 1646 et
826 1609 865 1645 in
894 1619 1028 1644 eorum
1057 1606 1229 1654 ipsorum
1257 1614 1432 1647 numero,
1454 1600 1504 1638 de

109 1682 250 1731 quibus
286 1679 386 1717 haec
419 1677 594 1726 quaestio
632 1682 701 1720 est,
735 1673 877 1710 habere
912 1671 1066 1708 debeat.
1124 1669 1234 1706 Solus
1273 1667 1378 1703 enim
1411 1665 1506 1702 vidit

110 1747 280 1796 primum
308 1756 392 1781 esse
423 1743 531 1787 deos,
561 1739 668 1789 quod
697 1740 736 1776 in
765 1738 940 1775 omnium
969 1736 1106 1772 animis
1137 1746 1271 1770 eorum
1304 1732 1507 1768 notionem

62 1832 95 1856 25
113 1810 367 1860 impressisset
394 1808 479 1856 ipsa
505 1812 651 1843 natura.
710 1804 821 1851 Quae
849 1808 906 1839 est
932 1801 1036 1838 enirn
1061 1811 1155 1848 gens
1175 1804 1239 1834 aut
1259 1795 1367 1844 quod
1385 1807 1507 1844 genus

113 1875 326 1920 hominum,
347 1871 456 1922 quod
480 1883 561 1908 non
586 1870 727 1907 habeat
750 1868 831 1905 sine
852 1866 1029 1903 doctrina
1051 1862 1367 1911 anticipationem
1388 1872 1507 1908 quan-

114 1940 206 1978 dam
234 1938 425 1976 deorum?
452 1948 569 1985 quarn
606 1933 773 1982 appellat
809 1931 998 1980 πρόληψιν
1036 1928 1238 1976 Epicurus,
1269 1925 1309 1962 id
1348 1932 1404 1961 est
1442 1937 1508 1960 an-

113 2011 311 2053 teceptam
347 2002 478 2039 animo
515 1999 572 2037 rei
609 1997 807 2047 quandam
844 1994 1167 2038 informationem,
1202 1992 1284 2028 sine
1323 2002 1400 2038 qua
1436 2000 1510 2025 nec

115 2068 286 2116 intellegi
321 2066 532 2116 quicquam
568 2075 644 2101 nec
681 2061 814 2110 quaeri
850 2071 925 2097 nec
964 2056 1149 2106 disputari
1185 2062 1326 2104 potest.
1392 2053 1510 2091 Cuius

68 2151 101 2176 30
116 2133 272 2170 rationis
294 2132 371 2169 vim
400 2137 516 2178 atque
545 2128 747 2166 utilitatem
775 2137 824 2162 ex
851 2124 914 2161 illo
941 2121 1097 2159 caelesti
1124 2120 1284 2169 Epicuri
1307 2119 1356 2156 de
1382 2117 1512 2166 regula

119 2203 158 2235 et
193 2196 337 2234 iudicio
369 2193 563 2232 volumine
601 2191 837 2239 accepimus.
909 2185 1030 2235 Quod
1068 2186 1179 2234 igitur
1215 2183 1511 2220 fundamentum

119 2262 231 2300 huius
254 2259 489 2309 quaestionis
519 2264 588 2303 est,
612 2256 653 2293 id
681 2254 876 2304 praeclare
904 2253 1047 2290 iactum
1070 2249 1220 2287 videtis.
1278 2247 1380 2285 Cum
1409 2246 1513 2282 enim

120 2338 200 2364 non
236 2325 408 2362 instituto
441 2323 570 2371 aliquo
603 2328 668 2358 aut
700 2331 807 2357 more
841 2324 907 2355 aut
937 2317 1022 2364 lege
1056 2315 1103 2352 sit
1136 2313 1267 2362 opinio
1307 2311 1515 2348 constituta

122 2396 353 2437 maneatque
374 2387 425 2424 ad
443 2399 565 2423 unum
584 2385 759 2422 omnium
784 2383 894 2419 firma
919 2379 1138 2423 consensio,
1160 2375 1327 2424 intellegi
1353 2385 1514 2411 necesse

73 2469 104 2493 35
123 2460 181 2491 est
207 2465 290 2490 esse
311 2451 419 2497 deos,
440 2450 624 2499 quoniam
653 2447 783 2485 insitas
812 2457 947 2483 eorum
966 2443 1026 2480 vel
1051 2442 1179 2491 potius
1205 2441 1354 2476 innatas
1383 2438 1514 2486 cogni-

1503 816 1551 851 16

1508 860 1542 885 42

1522 2169 1566 2238 a:
