1681 2752
399 161 483 191 Lm.
508 160 552 190 11.
598 159 677 191 cm.
705 159 1028 191 xxxm-xxxv.
1075 159 1114 200 §g
1133 160 1249 200 83-88.
1443 160 1515 201 105

128 269 192 300 aut
212 261 398 299 mundum
418 261 496 310 regi
517 260 782 298 confitendum
809 267 877 297 est.
937 261 1103 305 Etenim,
1125 261 1188 308 qui
1219 261 1381 309 reliquas
1411 268 1518 298 natu·
1539 272 1571 295 sn

128 339 186 363 ras
225 338 361 363 omnes
400 337 605 373 earumque
644 326 791 361 semina
829 325 1038 370 contineat,
1071 326 1133 372 qui
1174 332 1301 373 potest
1334 326 1413 373 ipse
1442 338 1519 361 non

128 398 260 427 natura
297 389 578 427 administrari?
616 396 667 433 ut,
708 390 737 425 si
777 389 840 436 qui
880 388 1016 425 dentes
1047 396 1083 425 ct
1114 390 1355 437 pubertatem
1387 398 1520 426 natura

128 455 231 491 (licat
252 455 424 499 existere,
448 453 570 501 ipsum
592 460 719 489 autem
742 453 952 497 hominem,
975 453 1036 489 cui
1063 465 1107 489 ea
1128 454 1302 499 existant,
1325 467 1402 490 non
1428 468 1518 491 con-

86 533 100 556 s
128 525 226 555 stare
256 525 398 562 natura,
420 529 498 553 non
533 517 725 564 intellegat
755 529 812 562 ea,
843 529 941 564 quae
973 517 1142 553 ecferant
1172 517 1314 565 aliquid
1345 530 1393 554 ex
1423 531 1518 564 sese,

128 582 375 630 perfectiores
395 581 535 617 habere
557 587 708 617 naturas
729 592 843 628 quam
865 592 923 625 ea,
945 593 1042 628 quae
1065 593 1111 617 ex
1132 581 1174 617 iis
1196 582 1420 619 ecferantur.

181 645 364 683 Omnium
385 651 512 681 autem
531 656 669 690 rerum,
690 656 787 692 quae
808 651 942 680 natura
970 644 1291 691 administrantur,
1313 646 1519 682 seminator
1529 647 1576 681 34

127 716 165 746 et
194 716 296 746 sator
324 716 362 745 et
390 720 539 756 parens,
573 715 614 745 ut
643 708 695 744 ita
723 707 863 753 dicam,
894 715 1008 756 atque
1044 708 1232 745 educator
1264 716 1302 746 et
1333 710 1429 746 altor
1464 717 1521 747 est

127 772 295 810 mundus
324 773 531 820 omniaque
561 772 659 809 sicut
688 772 861 809 membra
890 779 928 809 et
956 779 1083 820 partes
1112 785 1198 810 suas
1237 774 1446 810 nutricatur
1483 781 1521 810 et

79 854 110 871 ιο
128 838 313 874 continet.
370 836 520 884 Quodsi
541 836 675 872 mundi
699 843 825 885 partes
854 843 989 873 natura
1016 836 1338 883 administrantur,
1360 850 1520 875 necesse

128 908 185 939 est
212 900 400 938 mundum
432 901 556 949 ipsum
580 907 714 937 natura
743 899 1010 946 administrari,
1034 902 1140 938 cuius
1170 901 1327 949 quidem
1357 902 1518 939 admini-

127 966 257 1003 stratio
286 966 378 1002 nihil
407 965 522 1002 habet
551 965 589 1001 in
619 977 672 1011 se,
694 964 800 1013 quod
829 965 1060 1013 reprehendi
1089 966 1235 1013 possit3
1266 978 1313 1003 ex
1342 967 1386 1003 iis
1418 967 1521 1003 enim

128 1030 281 1075 naturis,
311 1041 409 1078 quae
439 1035 557 1074 erant,
588 1028 694 1077 quod
724 1029 824 1065 effici
854 1029 1043 1078 optimum
1073 1030 1210 1078 potuit,
1242 1030 1421 1067 effectum
1451 1038 1542 1074 est.)

129 1095 280 1131 Doceat
301 1106 391 1142 ergo
411 1093 544 1141 aliquis
566 1094 735 1141 potuisse
758 1094 904 1130 melius.
962 1093 1040 1131 Sed
1060 1106 1176 1131 nemo
1197 1107 1382 1142 umquam
1402 1094 1520 1131 doce·
1539 1105 1571 1131 s?

79 1177 109 1200 15
127 1159 193 1204 bit,
215 1165 252 1195 et
272 1158 301 1195 si
323 1158 405 1206 quis
426 1158 615 1206 corrigere
645 1157 788 1206 aliquid
818 1157 931 1203 volet,
954 1164 1018 1194 aut
1047 1157 1214 1194 deterius
1244 1159 1357 1195 faciet
1377 1166 1441 1195 aut
1469 1159 1520 1203 id,

128 1222 234 1271 quod
253 1223 333 1259 fieri
353 1234 432 1259 non
452 1222 630 1271 potuerit,
652 1221 897 1259 desiderabit.
956 1221 1106 1270 Quodsi
1128 1235 1262 1259 omnes
1283 1223 1416 1259 mundi
1437 1235 1520 1271 par-

127 1293 184 1324 tes
208 1287 259 1324 ita
287 1287 514 1324 constitutae
544 1292 643 1332 sunt,
673 1292 714 1323 ut
742 1298 869 1334 neque
900 1285 950 1323 ad
980 1299 1090 1323 usum
1119 1287 1296 1323 meliores
1326 1288 1522 1335 potuerint

128 1363 211 1389 esse
231 1363 357 1399 neque
376 1350 427 1388 ad
446 1351 618 1399 speciem
648 1350 897 1399 pulchriores,
919 1350 1129 1396 videamus,
1160 1357 1286 1387 utrum
1316 1363 1362 1388 ea
1391 1352 1520 1388 fortui-

127 1423 216 1453 tane
237 1416 311 1453 sint
331 1428 380 1452 an
400 1427 448 1452 eo
468 1421 579 1460 statu,
601 1427 678 1463 quo
707 1415 914 1452 cohaerere
944 1415 1047 1452 nullo
1078 1414 1197 1451 modo
1226 1416 1422 1463 potuerint
1450 1417 1523 1453 nisi

78 1497 112 1514 20
128 1492 242 1517 sensu
262 1479 486 1517 moderante
507 1478 712 1527 divinaque
733 1478 986 1528 providentia.
1043 1479 1081 1516 Si
1108 1479 1219 1527 igitur
1248 1480 1406 1516 meliora
1434 1487 1523 1517 sunt

129 1556 186 1590 ea,
217 1556 314 1592 quae
343 1550 489 1589 natura,
520 1556 635 1592 quarn
665 1543 736 1589 illa,
767 1555 865 1592 quae
896 1550 974 1580 arte
1013 1544 1184 1591 perfecta
1221 1550 1320 1589 sunt,
1351 1556 1424 1580 nec
1463 1557 1521 1581 ars

128 1609 245 1645 efficit
265 1609 470 1657 quicquam
491 1609 572 1645 sine
593 1608 751 1654 ratione,
772 1620 820 1644 ne
851 1614 984 1644 natura
1013 1607 1173 1656 quidem
1201 1608 1356 1645 rationis
1386 1621 1522 1656 expers

129 1680 186 1710 est
206 1672 396 1710 habenda.
454 1673 532 1720 Qui
552 1673 662 1721 igitur
691 1672 883 1717 convenit,
906 1672 1057 1720 signum
1086 1678 1151 1708 aut
1179 1673 1349 1709 tabulam
1379 1673 1522 1721 pictam

128 1749 217 1774 cum
238 1738 442 1785 aspexeris,
463 1738 559 1774 scire
579 1736 791 1773 adhibitam
812 1748 895 1773 esse
924 1742 1056 1782 artem,
1078 1748 1245 1784 cumque
1275 1737 1409 1785 procul
1438 1749 1521 1773 cur-

79 1818 109 1842 25
128 1814 212 1838 sum
241 1802 378 1850 navigii
407 1801 558 1847 videris,
588 1813 667 1838 non
697 1800 883 1846 dubitare,
913 1800 1006 1848 quin
1035 1800 1075 1837 id
1103 1801 1251 1837 ratione
1289 1807 1404 1849 atque
1442 1809 1520 1838 arte

127 1873 335 1912 moveatur,
358 1873 433 1912 aut,
450 1879 539 1903 curn
559 1866 736 1903 solarium
756 1866 816 1902 vel
836 1865 1062 1914 discriptum
1081 1865 1141 1902 vel
1161 1877 1209 1902 ex
1228 1878 1328 1914 aqua
1347 1873 1520 1903 contem-

127 1931 244 1979 plere,
261 1931 481 1979 intellegere
503 1929 685 1967 declarari
705 1930 817 1967 horas
837 1936 929 1975 arte,
950 1942 1030 1966 non
1050 1942 1152 1975 casu,
1171 1929 1359 1966 mundum
1379 1938 1520 1975 autem,

127 1995 192 2043 qui
211 2001 250 2031 et
270 1995 336 2032 has
357 1995 458 2044 ipsas
479 2001 576 2032 artes
597 2001 635 2031 et
655 2006 785 2031 earum
812 1994 976 2031 artifices
1005 2000 1044 2030 et
1071 2000 1214 2031 cuncta
1242 1994 1520 2042 conplectatur,

127 2059 276 2096 consilii
300 2065 338 2096 et
356 2059 513 2096 rationis
533 2070 616 2096 esse
637 2065 835 2107 expertem
860 2059 1053 2112 putare?,
1078 2058 1229 2106 Quodsi
1258 2058 1297 2095 in
1327 2059 1521 2107 Scythiam
1539 2068 1572 2092 88

78 2138 110 2161 30
127 2130 192 2160 aut
221 2123 259 2159 in
290 2123 524 2160 Britanniam
553 2122 755 2171 sphaeram
785 2122 919 2170 aliquis
947 2122 1074 2159 tulerit
1111 2122 1224 2167 hanc,
1255 2134 1370 2170 quam
1400 2134 1522 2170 nuper

128 2187 318 2224 familiaris
338 2193 468 2224 noster
487 2186 615 2223 effecit
645 2186 886 2232 Posidonius,
908 2186 1016 2223 cuius
1046 2186 1217 2234 singulae
1247 2187 1520 2223 conversiones

127 2250 232 2287 idem
253 2251 422 2287 efficiunt
442 2251 480 2287 in
501 2251 580 2288 sole
601 2257 640 2287 et
660 2251 698 2287 in
718 2250 807 2287 luna
834 2257 871 2287 et
900 2250 938 2287 in
959 2250 1128 2298 quinque
1154 2250 1270 2287 stellis
1295 2251 1519 2295 errantibus,

128 2314 233 2362 quod
255 2314 416 2351 efficitur
444 2315 482 2351 in
512 2315 620 2351 caelo
649 2314 803 2362 singulis
834 2314 970 2351 diebus
1000 2320 1038 2350 et
1067 2314 1256 2359 noctibus,
1279 2315 1362 2362 quis
1393 2315 1430 2350 in
1461 2315 1521 2350 illa

126 2378 300 2416 barbaria
328 2377 489 2424 dubitet,
528 2379 620 2427 quin
658 2390 705 2415 ea
741 2378 903 2426 sphaera
940 2378 987 2414 sit
1024 2378 1195 2426 perfecta
1233 2378 1408 2414 ratione?
1464 2379 1579 2417 Hi35

78 2457 109 2480 35
127 2449 256 2480 autem
276 2442 452 2480 dubitant
478 2442 527 2480 de
557 2441 716 2487 mundo,
737 2454 784 2478 ex
813 2453 890 2490 quo
920 2448 958 2478 et
987 2442 1158 2478 oriuntur
1186 2450 1224 2478 et
1253 2442 1347 2478 fiunt
1377 2443 1518 2488 onmia,
