1681 2752
84 876 116 892 10

83 1200 114 1224 ¹5

81 1524 114 1542 20

81 1843 111 1867 25

81 2164 113 2188 30

81 2482 112 2507 35

448 178 623 211 L113.111.
672 177 990 215 CARXVLXVII.
1038 179 1209 219 §539-44.
1449 183 1527 223 149

133 281 382 332 lampades
410 281 621 326 fuerint'‚
651 286 692 317 ut
712 280 763 317 ait
784 281 938 325 Accius,
961 281 1030 317 ‘in
1059 280 1250 318 domum
1280 288 1526 319 aeternam

135 348 304 397 patris’
326 359 373 383 ex
394 346 456 383 illo
477 345 613 382 ardore
638 345 878 393 pervenerit;
909 357 1024 392 quem
1045 352 1175 382 tamen
1199 347 1394 383 Homerus
1423 345 1527 394 apud

134 413 274 450 inferos
303 410 498 448 conveniri
528 409 616 446 facit
645 409 694 446 ab
724 409 849 454 Ulixe,
877 409 975 445 sicut
1005 416 1166 455 ceteros,
1189 411 1255 457 qui
1284 418 1527 447 excesserant

133 477 220 514 vita.
279 475 537 523 Quamquam,
559 485 675 521 quem
705 473 949 521 potissimum
982 474 1195 510 Herculem
1225 475 1408 520 colamus,
1431 475 1525 511 scire
1544 489 1577 515 42

134 552 224 577 sane
243 539 382 585 velim3
413 538 528 587 pluris
549 538 652 574 enim
672 537 827 574 tradunt
850 538 961 574 nobis
983 537 1019 582 ii,
1040 538 1105 585 qui
1134 538 1332 575 interiores
1356 546 1526 575 scrutan-

133 612 192 641 tur
221 611 258 641 et
286 603 505 640 reconditas
537 603 690 648 litteras,
711 602 1017 650 antiquissimum
1050 603 1142 638 Iove
1172 610 1317 648 natum,
1339 603 1409 639 scd
1436 603 1527 640 item

135 670 226 706 Iove
247 668 536 717 antiquissim03
567 680 657 704 narn
679 668 791 704 Ioves
813 678 968 715 quoque
989 667 1106 715 pluris
1132 667 1170 704 in
1191 667 1324 715 priscis
1355 669 1526 705 Graeco-

132 746 215 770 rum
236 733 366 770 litteris
386 732 613 768 invenimus.
660 731 719 768 Ex
739 743 787 768 eo
808 731 919 779 igitur
938 737 977 767 et
994 730 1175 779 Lysithoe
1197 738 1254 768 est
1275 731 1303 767 is
1322 732 1526 778 Hercules,

133 809 249 845 quem
269 797 550 834 concertavisse
571 808 661 833 cum
682 795 859 844 Apolline
881 795 930 832 de
951 795 1103 843 tripode
1128 796 1365 844 accepimus.
1424 797 1529 833 Alter

133 861 291 898 traditur
330 862 420 898 Nilo
458 867 568 898 natus
606 860 830 908 Aegyptius,
865 872 981 907 quem
1022 860 1126 896 aiunt
1166 860 1347 909 Phrygias
1385 861 1528 898 litteras

134 927 419 975 conscripsisse.
474 925 625 962 Tertius
652 931 710 961 est
736 936 784 961 ex
815 923 942 960 Idaeis
974 924 1124 971 Digitis‚
1150 924 1212 960 cui
1241 924 1392 962 inferias
1422 925 1527 962 adfe-

133 998 231 1028 runt.
289 991 455 1038 Quartus
486 990 586 1026 Iovis
617 996 674 1026 est
701 1000 741 1025 et
764 989 949 1033 Asteriae,
974 988 1145 1025 Latonae
1174 989 1325 1034 sororis,
1353 989 1418 1037 qui
1439 990 1529 1039 Tyri

132 1056 298 1092 maxime
328 1055 476 1100 colitur,
507 1054 614 1090 cuius
646 1053 924 1100 Karthaginem
953 1052 1069 1088 filiam
1099 1053 1236 1090 ferunt.
1295 1054 1460 1100 Quintus
1490 1055 1529 1091 in

135 1120 258 1165 India,
280 1119 345 1167 qui
367 1119 479 1155 Belus
501 1118 653 1155 dicitur.
710 1118 846 1154 Sextus
874 1116 936 1153 hic
962 1129 1010 1153 ex
1030 1117 1230 1162 Alcmena,
1252 1130 1369 1165 quem
1396 1119 1527 1167 Iuppi-

133 1190 190 1220 ter
216 1184 359 1232 genuit,
381 1182 451 1220 sed
480 1183 611 1219 tertius
640 1182 824 1230 Iuppiter,
846 1181 1043 1229 quoniam,
1066 1187 1107 1218 ut
1127 1181 1204 1218 iam
1224 1181 1392 1228 docebo,
1414 1182 1528 1231 pluris

134 1248 245 1284 Ioves
275 1248 392 1284 etiam
422 1247 658 1295 accepimus.

185 1311 356 1360 Quando
393 1311 498 1348 enim
531 1323 593 1348 me
628 1311 665 1347 in
700 1310 803 1347 hunc
841 1310 970 1346 locum
1006 1308 1168 1346 deduxit
1206 1311 1339 1356 oratio,
1375 1310 1529 1348 docebo
1540 1297 1584 1366 ἒξ

132 1377 290 1413 meliora
309 1388 370 1413 me
392 1375 573 1412 didicisse
595 1375 644 1411 de
667 1374 840 1411 colendis
861 1374 919 1411 dis
941 1374 1206 1411 inmortalibus
1227 1375 1306 1411 iure
1327 1375 1529 1423 pontificio

132 1447 170 1478 et
198 1452 305 1477 more
336 1441 524 1477 maiorum
554 1439 832 1488 capedunculis
862 1439 918 1484 iis,
940 1451 1035 1487 quas
1066 1439 1197 1475 Numa
1225 1439 1336 1476 nobis
1366 1440 1528 1488 reliquit,

132 1505 182 1542 de
202 1506 340 1554 quibus
361 1505 399 1542 in
420 1505 482 1541 illa
501 1504 655 1541 aureola
674 1503 913 1540 oratiuncula
936 1503 1031 1539 dicit
1052 1503 1214 1549 Laelius,
1236 1515 1353 1552 quam
1373 1504 1528 1541 rationi-

131 1570 201 1607 bus
222 1570 449 1607 Stoicorum.
506 1568 543 1606 Si
573 1568 676 1605 enim
696 1580 764 1604 vos
794 1579 942 1615 sequar,
965 1567 1041 1613 dic,
1063 1567 1158 1615 quid
1188 1568 1223 1604 ei
1252 1567 1526 1616 respondeam,

131 1635 195 1682 qui
226 1646 288 1671 me
315 1634 370 1671 sic
390 1640 523 1681 roget:
555 1633 592 1670 Si
614 1632 653 1668 di
683 1638 782 1677 sunt,
804 1639 943 1668 suntne
974 1631 1090 1668 etiam
1112 1631 1319 1680 Nymphae
1345 1632 1471 1669 deae?
1499 1633 1529 1669 si

133 1699 350 1748 Nymphae,
382 1698 533 1735 Panisci
563 1697 677 1733 etiam
704 1703 741 1733 et
771 1697 918 1745 Satyri?
975 1697 1030 1732 Hi
1059 1702 1189 1733 autem
1219 1709 1298 1733 non
1328 1704 1440 1743 sunt3
1479 1709 1528 1734 ne

133 1763 338 1812 Nymphae
364 1761 505 1812 [deae]
531 1761 689 1810 quidem
710 1761 848 1809 igitur?
904 1762 952 1797 At
979 1772 1110 1797 earum
1140 1761 1286 1810 templa
1314 1768 1403 1798 sunt
1431 1762 1528 1810 pub·

130 1828 202 1864 lice
223 1834 311 1864 vota
330 1833 368 1864 et
388 1826 580 1863 dedicata.
639 1826 700 1862 Ne
721 1825 839 1861 ceteri
863 1824 1022 1873 quidem
1044 1837 1134 1873 ergo
1165 1824 1216 1870 di,
1238 1837 1402 1873 quorum
1431 1832 1527 1863 tem—

130 1892 195 1941 pla
232 1898 319 1929 sunt
357 1890 566 1928 dedicata?
621 1892 702 1938 Age
742 1902 869 1938 porro,
906 1891 1041 1926 Iovem
1076 1896 1115 1926 et
1149 1890 1375 1938 Neptunum
1410 1890 1528 1927 deum

130 1969 307 1994 numeras
323 1969 333 2003 3
355 1968 445 2004 ergo
466 1956 581 1992 etiam
603 1955 740 2000 Orcus,
762 1954 875 1990 frater
892 1966 1038 1999 eorum,
1060 1953 1169 1999 deus,
1187 1960 1225 1990 et
1246 1954 1307 2000 illi,
1325 1955 1390 2003 qui
1411 1955 1527 1992 fluere

131 2020 235 2069 apud
264 2020 404 2057 inferos
434 2019 625 2065 dicuntur,
647 2019 840 2063 Acheron,
872 2018 1054 2067 Cocytus,
1086 2018 1423 2067 Pyriphlegethon,
1445 2026 1527 2056 tum

131 2084 299 2130 Charon,
321 2091 402 2121 tum
423 2084 612 2122 Cerberus
633 2083 673 2120 di
693 2082 868 2132 putandi.
917 2084 967 2119 At
988 2082 1027 2119 id
1047 2082 1207 2131 quidem
1227 2082 1525 2131 repudiandum.
1545 2094 1578 2119 44

132 2149 192 2186 Ne
215 2149 338 2186 Orcus
359 2148 518 2196 quidem
539 2148 660 2196 igitur.
705 2147 812 2195 Quid
832 2147 958 2183 dicitis
979 2159 1070 2195 ergo
1091 2147 1140 2183 de
1161 2148 1365 2184 fratribus?
1413 2149 1527 2185 Haec

130 2213 352 2250 Carneades
376 2213 514 2257 aiebat,
536 2225 615 2249 non
645 2218 686 2248 ut
715 2211 810 2249 deos
839 2211 988 2248 tolleret
1014 2211 1129 2259 (quid
1159 2213 1262 2248 enim
1293 2212 1526 2261 philosopho

130 2277 254 2313 minus
276 2277 511 2313 conveniens
523 2276 577 2324 ?)‚
599 2275 668 2312 sed
689 2282 729 2312 ut
750 2276 899 2313 Stoicos
919 2275 1012 2312 nihil
1042 2275 1092 2312 de
1121 2275 1179 2312 dis
1210 2276 1401 2324 explicare
1431 2289 1524 2313 con-

129 2340 300 2377 vinceret
317 2354 326 2386 ;
364 2341 492 2388 itaque
523 2340 806 2388 insequebatur.
837 2339 971 2387 ‚Quid
1001 2340 1134 2376 enim?
1166 2340 1304 2385 aiebat,
1327 2341 1356 2376 si
1386 2340 1425 2376 hi
1454 2341 1524 2377 fra-

129 2410 205 2441 tres
239 2410 327 2441 sunt
361 2404 400 2440 in
433 2415 595 2440 numero
630 2403 804 2448 deorum,
839 2416 934 2440 num
969 2403 1018 2440 de
1053 2410 1159 2452 patre
1194 2415 1327 2440 eorum
1362 2405 1525 2441 Saturno

131 2468 260 2516 negari
280 2473 420 2516 potest,
441 2479 559 2516 quem
578 2467 692 2516 volgo
713 2467 878 2504 maxime
901 2467 1032 2504 colunt
1052 2466 1102 2504 ad
1122 2466 1399 2505 occidentem?
1446 2468 1524 2517 Qui
