1714 2807
131 145 183 184 32
564 145 626 175 DE
657 145 848 176 NATURA
880 144 1089 176 DEORUM.

128 243 341 278 differences
359 255 495 290 among
514 244 573 278 the
598 244 706 289 gods,
727 244 772 278 he
799 249 894 278 must
922 243 1011 278 have
1039 244 1224 279 conceded
1253 245 1354 279 these
1381 245 1467 291 only
1483 257 1524 281 as

129 307 192 334 not
221 301 432 345 impossible
460 301 532 335 and
561 301 846 337 inconceivable.
875 301 938 335 but
966 301 1138 347 certainly
1158 302 1201 335 he
1229 302 1291 336 did
1319 308 1382 336 not
1409 309 1523 338 assert

128 358 226 391 them
247 365 283 392 to
303 358 346 392 be
366 358 515 392 certain.
569 359 647 392 The
675 358 859 403 objection
878 358 992 392 which
1021 359 1129 392 Cotta
1157 359 1279 393 makes
1308 366 1344 393 to
1364 360 1522 394 Velleius

131 416 323 459 (Sa—100),
345 416 423 450 that
454 416 524 449 this
548 427 588 450 or
607 416 683 450 that
709 415 807 460 deity
826 416 956 460 always
988 416 1178 460 presented
1211 416 1357 450 himself
1383 423 1419 451 to
1448 417 1521 451 him

126 473 241 506 under
258 484 279 507 a
296 473 443 507 definite
471 472 559 506 form
579 473 650 506 and
670 472 754 506 with
774 473 921 506 definite
947 473 1149 513 attributes,
1170 473 1285 518 might
1312 473 1401 508 have
1429 474 1522 509 been

126 530 238 575 easily
255 531 442 564 answered
460 530 507 575 by
526 530 653 575 saying
672 530 749 564 that
767 530 811 563 all
832 529 903 563 this
922 529 1038 575 might
1056 529 1096 564 of
1110 541 1235 564 course
1254 537 1400 574 present
1418 530 1518 565 itself

127 594 164 621 to
183 587 238 621 his
265 588 388 630 mind3
416 588 481 622 but
508 587 533 622 it
553 599 624 621 was
653 588 738 632 only
758 587 817 621 the
846 587 955 621 result
983 586 1023 621 of
1044 586 1170 633 seeing
1199 598 1305 632 every
1323 587 1392 633 day
1410 588 1522 623 about

127 645 200 678 him
231 651 368 679 statues
398 645 470 679 and
499 645 656 689 pictures
675 645 790 679 which
823 645 953 689 passed
982 644 1035 678 for
1062 645 1368 688 representations
1399 645 1440 679 of
1461 645 1521 680 the

124 702 230 747 gods,
251 702 316 737 but
333 703 449 736 which
477 702 520 736 he
549 702 697 736 himself
717 714 789 736 was
821 702 872 736 far
900 701 989 736 from
1020 701 1252 747 considering
1278 713 1318 735 as
1345 702 1522 748 anything

126 771 224 795 more
244 760 330 794 than
349 760 506 804 pictures
524 760 565 794 of
579 759 696 805 fancy,
717 759 833 794 which
853 759 924 794 had
944 770 990 794 no
1008 759 1114 793 claim
1131 758 1313 794 whatever
1329 765 1367 794 to
1385 759 1494 794 truth.

226 1226 311 1264 UM
345 1225 487 1262 multae
525 1237 584 1261 res
626 1225 662 1261 in
700 1223 946 1272 philosophia
979 1236 1224 1273 nequaquam
1266 1224 1355 1262 satis
1389 1224 1519 1262 adhuc

263 1290 476 1338 explicatae
506 1289 591 1333 sint,
614 1295 694 1325 tum
724 1287 970 1336 perdifficilis,
1000 1289 1127 1335 Brute,
1157 1288 1263 1337 quod
1292 1296 1330 1326 tu
1359 1290 1517 1327 minime

123 1356 286 1404 ignoras,
323 1360 359 1390 et
390 1353 624 1402 perobscura
658 1353 832 1400 quaestio
867 1359 925 1389 est
959 1352 1008 1389 de
1042 1359 1176 1389 natura
1210 1352 1395 1399 deorum,
1418 1365 1516 1402 quae

123 1428 161 1456 et
195 1419 244 1456 ad
283 1419 521 1467 agnitionem
549 1417 667 1454 animi
701 1417 957 1465 pulcherrima
991 1424 1048 1454 est
1082 1424 1121 1454 et
1155 1416 1204 1454 ad
1234 1417 1518 1455 moderandam

123 1484 347 1532 religionem
385 1482 613 1519 necessaria.
673 1482 732 1518 De
772 1494 848 1530 qua
877 1488 955 1518 tam
989 1481 1113 1518 variae
1153 1488 1240 1519 sunt
1274 1481 1516 1519 doctissimo·
1553 1494 1567 1518 5

122 1562 206 1585 rum
231 1547 433 1585 hominum
463 1552 621 1594 tamque
643 1546 907 1594 discrepantes
937 1546 1164 1592 sententiae,
1186 1553 1226 1583 ut
1248 1559 1388 1595 magno
1409 1558 1517 1595 argu-

123 1619 256 1650 mento
289 1624 373 1649 esse
408 1610 549 1648 debeat
589 1623 745 1647 causam
785 1617 822 1647 et
860 1610 1091 1658 principium
1130 1610 1397 1659 philosophiae
1432 1623 1517 1648 esse

122 1678 375 1722 inscientiam,
396 1675 684 1724 prudenterque
714 1674 974 1712 Academicos
1003 1687 1025 1712 a
1053 1675 1166 1712 rebus
1195 1675 1348 1712 incertis
1379 1674 1515 1712 adsen-

122 1740 271 1775 sionem
289 1737 520 1774 cohibuisse.
579 1735 685 1784 Quid
706 1742 763 1772 est
783 1736 886 1772 enim
907 1736 1120 1772 temeritate
1141 1736 1315 1784 turpius?
1343 1742 1407 1772 aut
1422 1735 1517 1784 quid

122 1810 200 1840 tam
220 1802 465 1839 temerarium
486 1808 643 1849 tamque
664 1799 866 1848 indignum
887 1800 1069 1848 sapientis
1089 1801 1270 1848 gravitate
1291 1807 1406 1848 atque
1423 1812 1515 1837 con·
1537 1815 1569 1832 ¹0

122 1868 259 1904 stantia
287 1878 404 1914 quam
432 1872 497 1902 aut
526 1865 662 1902 falsum
691 1865 830 1902 sentire
861 1871 937 1909 aut,
959 1863 1066 1912 quod
1095 1877 1173 1901 non
1204 1865 1292 1902 satis
1322 1865 1516 1913 explorate

121 1938 350 1980 perceptum
379 1931 426 1967 sit
464 1936 501 1967 et
540 1930 752 1978 cognitum,
783 1929 865 1966 sine
904 1929 979 1966 ulla
1007 1928 1247 1966 dubitatione
1278 1928 1518 1966 defendere?

120 1997 237 2033 Velut
257 1996 295 2032 in
325 1995 397 2032 hac
418 1994 643 2042 quaestione
674 1994 858 2042 plerique,
880 1993 988 2042 quod
1019 1994 1184 2030 maxime
1205 1994 1283 2030 veri
1304 1993 1424 2030 simile
1446 2000 1514 2040 est,

121 2068 159 2097 et
179 2072 257 2108 quo
286 2071 422 2097 omnes
451 2058 552 2096 (luce
583 2065 718 2095 natura
745 2059 933 2103 venimus,
955 2057 1051 2095 deos
1081 2070 1164 2094 esse
1192 2057 1381 2104 dixerunt,
1403 2057 1514 2095 dubi-

121 2132 198 2161 tare
237 2136 278 2161 se
318 2125 554 2172 Protagoras,
590 2123 713 2159 nullos
752 2134 835 2160 esse
875 2123 1034 2159 omnino
1076 2122 1260 2170 Diagoras
1300 2122 1440 2159 Melius
1477 2128 1514 2158 et
1534 2137 1565 2161 ιε

120 2189 350 2226 Theodorus
380 2188 614 2236 Cyrenaicus
644 2193 884 2236 putaverunt.
944 2187 1021 2235 Qui
1050 2199 1141 2223 vero
1172 2186 1267 2223 deos
1297 2198 1380 2223 esse
1404 2185 1510 2223 dixe-

121 2261 219 2298 runt,
240 2260 345 2289 tanta
364 2259 451 2289 sunt
478 2253 515 2288 in
535 2252 716 2288 varietate
734 2258 771 2288 et
801 2251 1054 2296 dissensione,
1075 2258 1116 2288 ut
1146 2263 1279 2288 eorum
1309 2250 1513 2288 molestum

121 2318 166 2354 sit
198 2317 440 2354 dinumerare
472 2317 693 2353 sententias.
753 2316 855 2353 Nam
890 2323 928 2353 et
961 2315 1010 2352 de
1041 2315 1168 2364 figuris
1199 2315 1362 2352 deorum
1391 2322 1430 2352 et
1463 2314 1512 2352 de

120 2382 214 2419 locis
244 2388 359 2429 atque
389 2380 544 2417 sedibus
574 2387 612 2416 et
641 2380 794 2416 actione
819 2380 917 2417 vitae
947 2380 1066 2416 multa
1091 2379 1284 2425 dicuntur,
1306 2379 1434 2427 deque
1456 2378 1513 2416 his

120 2458 271 2484 summa
301 2445 619 2494 philosophorum
650 2444 888 2495 dissensione
919 2450 1085 2497 certatur
1101 2457 1112 2490 3
1141 2443 1247 2492 quod
1273 2442 1364 2481 vero
1392 2443 1510 2480 maxi·
1531 2461 1564 2479 20

1705 209 1714 285 ..nr=
