<?xml version="1.0" encoding="UTF-8"?>
<!DOCTYPE html PUBLIC "-//W3C//DTD XHTML 1.0 Transitional//EN"
    "http://www.w3.org/TR/xhtml1/DTD/xhtml1-transitional.dtd">
<html xmlns="http://www.w3.org/1999/xhtml" xml:lang="en" lang="en">
 <head>
  <title>
</title>
<meta http-equiv="Content-Type" content="text/html;charset=utf-8" />
  <meta name='ocr-system' content='tesseract 3.04.00' />
  <meta name='ocr-capabilities' content='ocr_page ocr_carea ocr_par ocr_line ocrx_word'/>
</head>
<body>
  <div class='ocr_page' id='page_1' title='image "./denaturadeorumli00ciceuoft_0149.png"; bbox 0 0 1681 2752; ppageno 0'>
   <div class='ocr_carea' id='block_1_1' title="bbox 63 869 94 885">
    <p class='ocr_par' dir='ltr' id='par_1_1' title="bbox 63 869 94 885">
     <span class='ocr_line' id='line_1_1' title="bbox 63 869 94 885; baseline 0 0"><span class='ocrx_word' id='word_1_1' title='bbox 63 869 94 885; x_wconf 79' lang='lat'>10</span> 
     </span>
    </p>
   </div>
   <div class='ocr_carea' id='block_1_2' title="bbox 58 1832 90 1856">
    <p class='ocr_par' dir='ltr' id='par_1_2' title="bbox 58 1832 90 1856">
     <span class='ocr_line' id='line_1_2' title="bbox 58 1832 90 1856; baseline 0 0"><span class='ocrx_word' id='word_1_2' title='bbox 58 1832 90 1856; x_wconf 86' lang='lat'>25</span> 
     </span>
    </p>
   </div>
   <div class='ocr_carea' id='block_1_3' title="bbox 59 2152 91 2175">
    <p class='ocr_par' dir='ltr' id='par_1_3' title="bbox 59 2152 91 2175">
     <span class='ocr_line' id='line_1_3' title="bbox 59 2152 91 2175; baseline 0 -7"><span class='ocrx_word' id='word_1_3' title='bbox 59 2152 91 2175; x_wconf 80' lang='lat'>30</span> 
     </span>
    </p>
   </div>
   <div class='ocr_carea' id='block_1_4' title="bbox 59 2470 90 2493">
    <p class='ocr_par' dir='ltr' id='par_1_4' title="bbox 59 2470 90 2493">
     <span class='ocr_line' id='line_1_4' title="bbox 59 2470 90 2493; baseline 0 0"><span class='ocrx_word' id='word_1_4' title='bbox 59 2470 90 2493; x_wconf 89' lang='grc'>35</span> 
     </span>
    </p>
   </div>
   <div class='ocr_carea' id='block_1_5' title="bbox 442 171 1508 213">
    <p class='ocr_par' dir='ltr' id='par_1_5' title="bbox 442 171 1508 213">
     <span class='ocr_line' id='line_1_5' title="bbox 442 171 1508 213; baseline 0 -11"><span class='ocrx_word' id='word_1_5' title='bbox 442 172 528 202; x_wconf 90' lang='lat' dir='ltr'>LIB.</span> <span class='ocrx_word' id='word_1_6' title='bbox 549 171 593 202; x_wconf 89' lang='lat'>11.</span> <span class='ocrx_word' id='word_1_7' title='bbox 638 171 720 202; x_wconf 79' lang='lat' dir='ltr'>CAP.</span> <span class='ocrx_word' id='word_1_8' title='bbox 739 171 828 208; x_wconf 84' lang='lat' dir='ltr'>LIX,</span> <span class='ocrx_word' id='word_1_9' title='bbox 848 171 918 202; x_wconf 84' lang='lat' dir='ltr'>Lx.</span> <span class='ocrx_word' id='word_1_10' title='bbox 965 172 1004 211; x_wconf 78' lang='lat'>§§</span> <span class='ocrx_word' id='word_1_11' title='bbox 1027 171 1182 213; x_wconf 80' lang='lat'>146-151.</span> <span class='ocrx_word' id='word_1_12' title='bbox 1433 174 1508 213; x_wconf 87' lang='lat'>127</span> 
     </span>
    </p>
   </div>
   <div class='ocr_carea' id='block_1_6' title="bbox 106 272 1567 2506">
    <p class='ocr_par' dir='ltr' id='par_1_6' title="bbox 110 272 1567 898">
     <span class='ocr_line' id='line_1_6' title="bbox 113 272 1506 321; baseline 0 -11"><span class='ocrx_word' id='word_1_13' title='bbox 113 273 265 311; x_wconf 91' lang='lat' dir='ltr'>urbium</span> <span class='ocrx_word' id='word_1_14' title='bbox 284 273 468 310; x_wconf 90' lang='lat' dir='ltr'>societate</span> <span class='ocrx_word' id='word_1_15' title='bbox 488 272 670 318; x_wconf 85' lang='lat' dir='ltr'>devinxit,</span> <span class='ocrx_word' id='word_1_16' title='bbox 693 272 791 309; x_wconf 89' lang='lat' dir='ltr'>haec</span> <span class='ocrx_word' id='word_1_17' title='bbox 811 284 833 308; x_wconf 92' lang='lat' dir='ltr'>a</span> <span class='ocrx_word' id='word_1_18' title='bbox 854 273 929 308; x_wconf 85' lang='lat' dir='ltr'>vita</span> <span class='ocrx_word' id='word_1_19' title='bbox 949 273 1091 309; x_wconf 86' lang='lat' dir='ltr'>inmani</span> <span class='ocrx_word' id='word_1_20' title='bbox 1113 279 1151 309; x_wconf 93' lang='lat' dir='ltr'>et</span> <span class='ocrx_word' id='word_1_21' title='bbox 1175 273 1255 309; x_wconf 87' lang='lat' dir='ltr'>fera</span> <span class='ocrx_word' id='word_1_22' title='bbox 1283 274 1506 321; x_wconf 79' lang='lat' dir='ltr'>segregavit.</span> 
     </span>
     <span class='ocr_line' id='line_1_7' title="bbox 113 336 1567 384; baseline -0.001 -10"><span class='ocrx_word' id='word_1_23' title='bbox 113 337 175 374; x_wconf 90' lang='lat' dir='ltr'>Ad</span> <span class='ocrx_word' id='word_1_24' title='bbox 196 349 305 374; x_wconf 87' lang='lat' dir='ltr'>usum</span> <span class='ocrx_word' id='word_1_25' title='bbox 325 344 454 374; x_wconf 89' lang='lat' dir='ltr'>autem</span> <span class='ocrx_word' id='word_1_26' title='bbox 474 337 657 373; x_wconf 86' lang='lat' dir='ltr'>orationis</span> <span class='ocrx_word' id='word_1_27' title='bbox 678 336 900 373; x_wconf 85' lang='lat' dir='ltr'>incredibile</span> <span class='ocrx_word' id='word_1_28' title='bbox 922 343 990 381; x_wconf 90' lang='lat' dir='ltr'>est,</span> <span class='ocrx_word' id='word_1_29' title='bbox 1012 337 1041 373; x_wconf 94' lang='lat' dir='ltr'>si</span> <span class='ocrx_word' id='word_1_30' title='bbox 1063 336 1266 384; x_wconf 85' lang='lat' dir='ltr'>diligenter</span> <span class='ocrx_word' id='word_1_31' title='bbox 1286 337 1507 382; x_wconf 84' lang='lat' dir='ltr'>attenderis,</span> <span class='ocrx_word' id='word_1_32' title='bbox 1520 344 1567 370; x_wconf 72' lang='grc'>149</span> 
     </span>
     <span class='ocr_line' id='line_1_8' title="bbox 112 400 1506 450; baseline 0 -12"><span class='ocrx_word' id='word_1_33' title='bbox 112 408 257 450; x_wconf 88' lang='lat' dir='ltr'>quanta</span> <span class='ocrx_word' id='word_1_34' title='bbox 276 413 397 449; x_wconf 91' lang='lat' dir='ltr'>opera</span> <span class='ocrx_word' id='word_1_35' title='bbox 416 400 635 437; x_wconf 88' lang='lat' dir='ltr'>machinata</span> <span class='ocrx_word' id='word_1_36' title='bbox 658 407 792 437; x_wconf 89' lang='lat' dir='ltr'>natura</span> <span class='ocrx_word' id='word_1_37' title='bbox 820 401 878 436; x_wconf 92' lang='lat' dir='ltr'>sit.</span> <span class='ocrx_word' id='word_1_38' title='bbox 937 401 1104 436; x_wconf 88' lang='lat' dir='ltr'>Primum</span> <span class='ocrx_word' id='word_1_39' title='bbox 1134 401 1238 436; x_wconf 90' lang='lat' dir='ltr'>enim</span> <span class='ocrx_word' id='word_1_40' title='bbox 1268 413 1290 436; x_wconf 88' lang='lat' dir='ltr'>a</span> <span class='ocrx_word' id='word_1_41' title='bbox 1318 401 1506 448; x_wconf 88' lang='lat' dir='ltr'>pulmoni-</span> 
     </span>
     <span class='ocr_line' id='line_1_9' title="bbox 111 464 1505 513; baseline -0.001 -11"><span class='ocrx_word' id='word_1_42' title='bbox 111 466 182 502; x_wconf 89' lang='lat' dir='ltr'>bus</span> <span class='ocrx_word' id='word_1_43' title='bbox 202 465 338 502; x_wconf 90' lang='lat' dir='ltr'>arteria</span> <span class='ocrx_word' id='word_1_44' title='bbox 358 476 479 513; x_wconf 90' lang='lat' dir='ltr'>usque</span> <span class='ocrx_word' id='word_1_45' title='bbox 500 464 550 501; x_wconf 93' lang='lat' dir='ltr'>ad</span> <span class='ocrx_word' id='word_1_46' title='bbox 571 476 614 501; x_wconf 95' lang='lat' dir='ltr'>os</span> <span class='ocrx_word' id='word_1_47' title='bbox 635 465 811 500; x_wconf 88' lang='lat' dir='ltr'>intimum</span> <span class='ocrx_word' id='word_1_48' title='bbox 832 464 1009 512; x_wconf 84' lang='lat' dir='ltr'>pertinet,</span> <span class='ocrx_word' id='word_1_49' title='bbox 1031 476 1099 512; x_wconf 89' lang='lat' dir='ltr'>per</span> <span class='ocrx_word' id='word_1_50' title='bbox 1119 476 1235 512; x_wconf 85' lang='lat' dir='ltr'>quam</span> <span class='ocrx_word' id='word_1_51' title='bbox 1266 477 1340 501; x_wconf 79' lang='lat' dir='ltr'>vox</span> <span class='ocrx_word' id='word_1_52' title='bbox 1369 465 1505 512; x_wconf 88' lang='lat' dir='ltr'>princi—</span> 
     </span>
     <span class='ocr_line' id='line_1_10' title="bbox 112 528 1508 578; baseline -0.001 -12"><span class='ocrx_word' id='word_1_53' title='bbox 112 530 217 578; x_wconf 91' lang='lat' dir='ltr'>pium</span> <span class='ocrx_word' id='word_1_54' title='bbox 237 541 260 566; x_wconf 87' lang='lat' dir='ltr'>a</span> <span class='ocrx_word' id='word_1_55' title='bbox 279 537 407 565; x_wconf 91' lang='lat' dir='ltr'>mente</span> <span class='ocrx_word' id='word_1_56' title='bbox 428 529 576 565; x_wconf 87' lang='lat' dir='ltr'>ducens</span> <span class='ocrx_word' id='word_1_57' title='bbox 597 529 804 576; x_wconf 84' lang='lat' dir='ltr'>percipitur</span> <span class='ocrx_word' id='word_1_58' title='bbox 823 535 862 565; x_wconf 90' lang='lat' dir='ltr'>et</span> <span class='ocrx_word' id='word_1_59' title='bbox 887 528 1080 569; x_wconf 84' lang='lat' dir='ltr'>funditur;</span> <span class='ocrx_word' id='word_1_60' title='bbox 1112 528 1254 565; x_wconf 85' lang='lat' dir='ltr'>deinde</span> <span class='ocrx_word' id='word_1_61' title='bbox 1285 529 1323 565; x_wconf 91' lang='lat' dir='ltr'>in</span> <span class='ocrx_word' id='word_1_62' title='bbox 1344 541 1408 565; x_wconf 89' lang='lat' dir='ltr'>ore</span> <span class='ocrx_word' id='word_1_63' title='bbox 1439 530 1508 565; x_wconf 88' lang='lat' dir='ltr'>sita</span> 
     </span>
     <span class='ocr_line' id='line_1_11' title="bbox 110 592 1507 642; baseline -0.001 -11"><span class='ocrx_word' id='word_1_64' title='bbox 110 594 239 642; x_wconf 87' lang='lat' dir='ltr'>lingua</span> <span class='ocrx_word' id='word_1_65' title='bbox 258 600 316 629; x_wconf 90' lang='lat' dir='ltr'>est</span> <span class='ocrx_word' id='word_1_66' title='bbox 335 593 442 629; x_wconf 88' lang='lat' dir='ltr'>finita</span> <span class='ocrx_word' id='word_1_67' title='bbox 467 592 647 629; x_wconf 86' lang='lat' dir='ltr'>dentibus</span> <span class='ocrx_word' id='word_1_68' title='bbox 663 606 673 638; x_wconf 87' lang='lat'>;</span> <span class='ocrx_word' id='word_1_69' title='bbox 704 604 749 628; x_wconf 88' lang='lat' dir='ltr'>ea</span> <span class='ocrx_word' id='word_1_70' title='bbox 777 604 916 628; x_wconf 80' lang='lat' dir='ltr'>vocem</span> <span class='ocrx_word' id='word_1_71' title='bbox 944 592 1185 629; x_wconf 81' lang='lat' dir='ltr'>inmoderate</span> <span class='ocrx_word' id='word_1_72' title='bbox 1215 593 1409 641; x_wconf 81' lang='lat' dir='ltr'>profusam</span> <span class='ocrx_word' id='word_1_73' title='bbox 1439 593 1507 630; x_wconf 87' lang='lat' dir='ltr'>fin-</span> 
     </span>
     <span class='ocr_line' id='line_1_12' title="bbox 111 655 1506 706; baseline -0.001 -12"><span class='ocrx_word' id='word_1_74' title='bbox 111 658 165 706; x_wconf 91' lang='lat' dir='ltr'>git</span> <span class='ocrx_word' id='word_1_75' title='bbox 194 664 232 694; x_wconf 90' lang='lat' dir='ltr'>et</span> <span class='ocrx_word' id='word_1_76' title='bbox 261 658 441 694; x_wconf 86' lang='lat' dir='ltr'>terminat</span> <span class='ocrx_word' id='word_1_77' title='bbox 469 664 584 705; x_wconf 86' lang='lat' dir='ltr'>atque</span> <span class='ocrx_word' id='word_1_78' title='bbox 615 668 731 693; x_wconf 91' lang='lat' dir='ltr'>sonos</span> <span class='ocrx_word' id='word_1_79' title='bbox 760 657 866 693; x_wconf 82' lang='lat' dir='ltr'>vocis</span> <span class='ocrx_word' id='word_1_80' title='bbox 896 655 1098 694; x_wconf 88' lang='lat' dir='ltr'>distinctos</span> <span class='ocrx_word' id='word_1_81' title='bbox 1128 664 1165 693; x_wconf 92' lang='lat' dir='ltr'>et</span> <span class='ocrx_word' id='word_1_82' title='bbox 1194 669 1345 705; x_wconf 87' lang='lat' dir='ltr'>pressos</span> <span class='ocrx_word' id='word_1_83' title='bbox 1379 657 1506 702; x_wconf 87' lang='lat' dir='ltr'>efficit,</span> 
     </span>
     <span class='ocr_line' id='line_1_13' title="bbox 110 720 1507 769; baseline 0 -11"><span class='ocrx_word' id='word_1_84' title='bbox 110 734 200 758; x_wconf 88' lang='lat' dir='ltr'>cum</span> <span class='ocrx_word' id='word_1_85' title='bbox 220 728 258 758; x_wconf 91' lang='lat' dir='ltr'>et</span> <span class='ocrx_word' id='word_1_86' title='bbox 279 721 328 758; x_wconf 92' lang='lat' dir='ltr'>ad</span> <span class='ocrx_word' id='word_1_87' title='bbox 349 721 486 758; x_wconf 89' lang='lat' dir='ltr'>dentes</span> <span class='ocrx_word' id='word_1_88' title='bbox 507 728 545 758; x_wconf 93' lang='lat' dir='ltr'>et</span> <span class='ocrx_word' id='word_1_89' title='bbox 573 720 623 757; x_wconf 90' lang='lat' dir='ltr'>ad</span> <span class='ocrx_word' id='word_1_90' title='bbox 652 721 743 757; x_wconf 90' lang='lat' dir='ltr'>alias</span> <span class='ocrx_word' id='word_1_91' title='bbox 773 727 900 769; x_wconf 86' lang='lat' dir='ltr'>partes</span> <span class='ocrx_word' id='word_1_92' title='bbox 929 721 1034 768; x_wconf 87' lang='lat' dir='ltr'>pellit</span> <span class='ocrx_word' id='word_1_93' title='bbox 1063 722 1150 758; x_wconf 90' lang='lat' dir='ltr'>oris.</span> <span class='ocrx_word' id='word_1_94' title='bbox 1209 722 1344 769; x_wconf 83' lang='lat' dir='ltr'>Itaque</span> <span class='ocrx_word' id='word_1_95' title='bbox 1374 721 1507 769; x_wconf 88' lang='lat' dir='ltr'>plectri</span> 
     </span>
     <span class='ocr_line' id='line_1_14' title="bbox 111 784 1507 834; baseline 0 -12"><span class='ocrx_word' id='word_1_96' title='bbox 111 787 274 823; x_wconf 81' lang='lat' dir='ltr'>similem</span> <span class='ocrx_word' id='word_1_97' title='bbox 303 785 472 834; x_wconf 85' lang='lat' dir='ltr'>linguam</span> <span class='ocrx_word' id='word_1_98' title='bbox 501 785 620 822; x_wconf 87' lang='lat' dir='ltr'>nostri</span> <span class='ocrx_word' id='word_1_99' title='bbox 650 785 774 822; x_wconf 83' lang='lat' dir='ltr'>solent</span> <span class='ocrx_word' id='word_1_100' title='bbox 803 784 944 829; x_wconf 85' lang='lat' dir='ltr'>dicere,</span> <span class='ocrx_word' id='word_1_101' title='bbox 968 784 1197 822; x_wconf 85' lang='lat' dir='ltr'>chordarum</span> <span class='ocrx_word' id='word_1_102' title='bbox 1227 785 1376 831; x_wconf 86' lang='lat' dir='ltr'>dentes,</span> <span class='ocrx_word' id='word_1_103' title='bbox 1397 798 1507 822; x_wconf 86' lang='lat' dir='ltr'>nares</span> 
     </span>
     <span class='ocr_line' id='line_1_15' title="bbox 111 849 1148 898; baseline 0 -11"><span class='ocrx_word' id='word_1_104' title='bbox 111 851 291 888; x_wconf 90' lang='lat' dir='ltr'>cornibus</span> <span class='ocrx_word' id='word_1_105' title='bbox 311 850 367 895; x_wconf 87' lang='lat' dir='ltr'>iis,</span> <span class='ocrx_word' id='word_1_106' title='bbox 388 849 453 898; x_wconf 88' lang='lat' dir='ltr'>qui</span> <span class='ocrx_word' id='word_1_107' title='bbox 473 849 523 886; x_wconf 90' lang='lat' dir='ltr'>ad</span> <span class='ocrx_word' id='word_1_108' title='bbox 543 861 680 886; x_wconf 80' lang='lat' dir='ltr'>nervos</span> <span class='ocrx_word' id='word_1_109' title='bbox 701 856 882 885; x_wconf 86' lang='lat' dir='ltr'>resonant</span> <span class='ocrx_word' id='word_1_110' title='bbox 901 849 939 885; x_wconf 90' lang='lat' dir='ltr'>in</span> <span class='ocrx_word' id='word_1_111' title='bbox 961 850 1148 887; x_wconf 85' lang='lat' dir='ltr'>cantibus.</span> 
     </span>
    </p>

    <p class='ocr_par' dir='ltr' id='par_1_7' title="bbox 106 892 1565 2506">
     <span class='ocr_line' id='line_1_16' title="bbox 164 892 1565 962; baseline 0 -11"><span class='ocrx_word' id='word_1_112' title='bbox 164 915 291 962; x_wconf 85' lang='lat' dir='ltr'>Quam</span> <span class='ocrx_word' id='word_1_113' title='bbox 312 926 403 951; x_wconf 93' lang='lat' dir='ltr'>vero</span> <span class='ocrx_word' id='word_1_114' title='bbox 423 921 531 962; x_wconf 88' lang='lat' dir='ltr'>aptas</span> <span class='ocrx_word' id='word_1_115' title='bbox 552 925 747 962; x_wconf 89' lang='lat' dir='ltr'>quamque</span> <span class='ocrx_word' id='word_1_116' title='bbox 768 913 971 950; x_wconf 85' lang='lat' dir='ltr'>multarum</span> <span class='ocrx_word' id='word_1_117' title='bbox 991 915 1128 951; x_wconf 89' lang='lat' dir='ltr'>artium</span> <span class='ocrx_word' id='word_1_118' title='bbox 1158 915 1345 951; x_wconf 89' lang='lat' dir='ltr'>ministras</span> <span class='ocrx_word' id='word_1_119' title='bbox 1369 927 1504 952; x_wconf 88' lang='lat' dir='ltr'>manus</span> <span class='ocrx_word' id='word_1_120' title='bbox 1515 892 1565 962; x_wconf 51' lang='lat'>{352</span> 
     </span>
     <span class='ocr_line' id='line_1_17' title="bbox 110 978 1506 1026; baseline -0.001 -10"><span class='ocrx_word' id='word_1_121' title='bbox 110 987 244 1016; x_wconf 86' lang='lat' dir='ltr'>natura</span> <span class='ocrx_word' id='word_1_122' title='bbox 263 979 408 1016; x_wconf 90' lang='lat' dir='ltr'>homini</span> <span class='ocrx_word' id='word_1_123' title='bbox 430 978 538 1015; x_wconf 89' lang='lat' dir='ltr'>dedit</span> <span class='ocrx_word' id='word_1_124' title='bbox 557 981 564 1014; x_wconf 86' lang='lat' dir='ltr'>l</span> <span class='ocrx_word' id='word_1_125' title='bbox 623 978 841 1026; x_wconf 85' lang='lat' dir='ltr'>Digitorum</span> <span class='ocrx_word' id='word_1_126' title='bbox 863 978 966 1014; x_wconf 90' lang='lat' dir='ltr'>enim</span> <span class='ocrx_word' id='word_1_127' title='bbox 989 979 1201 1016; x_wconf 88' lang='lat' dir='ltr'>contractio</span> <span class='ocrx_word' id='word_1_128' title='bbox 1223 979 1340 1015; x_wconf 87' lang='lat' dir='ltr'>facilis</span> <span class='ocrx_word' id='word_1_129' title='bbox 1370 979 1506 1016; x_wconf 80' lang='lat' dir='ltr'>facilis-</span> 
     </span>
     <span class='ocr_line' id='line_1_18' title="bbox 109 1042 1506 1092; baseline 0 -12"><span class='ocrx_word' id='word_1_130' title='bbox 109 1055 185 1092; x_wconf 91' lang='lat' dir='ltr'>que</span> <span class='ocrx_word' id='word_1_131' title='bbox 205 1043 397 1091; x_wconf 91' lang='lat' dir='ltr'>porrectio</span> <span class='ocrx_word' id='word_1_132' title='bbox 417 1049 574 1091; x_wconf 88' lang='lat' dir='ltr'>propter</span> <span class='ocrx_word' id='word_1_133' title='bbox 593 1042 726 1078; x_wconf 87' lang='lat' dir='ltr'>molles</span> <span class='ocrx_word' id='word_1_134' title='bbox 748 1042 1018 1079; x_wconf 88' lang='lat' dir='ltr'>commissuras</span> <span class='ocrx_word' id='word_1_135' title='bbox 1039 1049 1077 1079; x_wconf 88' lang='lat' dir='ltr'>et</span> <span class='ocrx_word' id='word_1_136' title='bbox 1097 1051 1196 1080; x_wconf 88' lang='lat' dir='ltr'>artus</span> <span class='ocrx_word' id='word_1_137' title='bbox 1217 1044 1320 1080; x_wconf 91' lang='lat' dir='ltr'>nullo</span> <span class='ocrx_word' id='word_1_138' title='bbox 1341 1044 1379 1080; x_wconf 91' lang='lat' dir='ltr'>in</span> <span class='ocrx_word' id='word_1_139' title='bbox 1399 1052 1506 1080; x_wconf 90' lang='lat' dir='ltr'>motu</span> 
     </span>
     <span class='ocr_line' id='line_1_19' title="bbox 108 1105 1505 1155; baseline 0 -11"><span class='ocrx_word' id='word_1_140' title='bbox 108 1108 265 1151; x_wconf 88' lang='lat' dir='ltr'>laborat.</span> <span class='ocrx_word' id='word_1_141' title='bbox 325 1108 460 1155; x_wconf 89' lang='lat' dir='ltr'>Itaque</span> <span class='ocrx_word' id='word_1_142' title='bbox 482 1106 531 1143; x_wconf 91' lang='lat' dir='ltr'>ad</span> <span class='ocrx_word' id='word_1_143' title='bbox 552 1105 806 1154; x_wconf 83' lang='lat' dir='ltr'>pingendum,</span> <span class='ocrx_word' id='word_1_144' title='bbox 828 1105 878 1143; x_wconf 90' lang='lat' dir='ltr'>ad</span> <span class='ocrx_word' id='word_1_145' title='bbox 899 1107 1138 1155; x_wconf 88' lang='lat' dir='ltr'>fingendum,</span> <span class='ocrx_word' id='word_1_146' title='bbox 1161 1107 1209 1144; x_wconf 88' lang='lat' dir='ltr'>ad</span> <span class='ocrx_word' id='word_1_147' title='bbox 1239 1108 1505 1155; x_wconf 85' lang='lat' dir='ltr'>scalpendum,</span> 
     </span>
     <span class='ocr_line' id='line_1_20' title="bbox 109 1171 1506 1220; baseline 0.001 -12"><span class='ocrx_word' id='word_1_148' title='bbox 109 1171 159 1208; x_wconf 90' lang='lat' dir='ltr'>ad</span> <span class='ocrx_word' id='word_1_149' title='bbox 197 1184 400 1208; x_wconf 89' lang='lat' dir='ltr'>nervorum</span> <span class='ocrx_word' id='word_1_150' title='bbox 440 1171 654 1208; x_wconf 90' lang='lat' dir='ltr'>eliciendos</span> <span class='ocrx_word' id='word_1_151' title='bbox 691 1182 808 1207; x_wconf 88' lang='lat' dir='ltr'>sonos</span> <span class='ocrx_word' id='word_1_152' title='bbox 847 1183 893 1207; x_wconf 88' lang='lat' dir='ltr'>ac</span> <span class='ocrx_word' id='word_1_153' title='bbox 931 1172 1110 1208; x_wconf 90' lang='lat' dir='ltr'>tibiarum</span> <span class='ocrx_word' id='word_1_154' title='bbox 1149 1179 1238 1220; x_wconf 84' lang='lat' dir='ltr'>apta</span> <span class='ocrx_word' id='word_1_155' title='bbox 1276 1184 1411 1209; x_wconf 89' lang='lat' dir='ltr'>manus</span> <span class='ocrx_word' id='word_1_156' title='bbox 1449 1179 1506 1209; x_wconf 87' lang='lat' dir='ltr'>est</span> 
     </span>
     <span class='ocr_line' id='line_1_21' title="bbox 108 1234 1504 1284; baseline 0 -11"><span class='ocrx_word' id='word_1_157' title='bbox 108 1236 333 1273; x_wconf 89' lang='lat' dir='ltr'>admotione</span> <span class='ocrx_word' id='word_1_158' title='bbox 363 1235 584 1284; x_wconf 86' lang='lat' dir='ltr'>digitorum.</span> <span class='ocrx_word' id='word_1_159' title='bbox 642 1236 768 1283; x_wconf 86' lang='lat' dir='ltr'>Atque</span> <span class='ocrx_word' id='word_1_160' title='bbox 798 1234 895 1272; x_wconf 87' lang='lat' dir='ltr'>haec</span> <span class='ocrx_word' id='word_1_161' title='bbox 924 1236 1193 1273; x_wconf 88' lang='lat' dir='ltr'>oblectationis</span> <span class='ocrx_word' id='word_1_162' title='bbox 1209 1250 1218 1281; x_wconf 77' lang='lat'><em>3</em></span> <span class='ocrx_word' id='word_1_163' title='bbox 1249 1236 1311 1272; x_wconf 90' lang='lat' dir='ltr'>illa</span> <span class='ocrx_word' id='word_1_164' title='bbox 1338 1237 1504 1274; x_wconf 91' lang='lat' dir='ltr'>necessi-</span> 
     </span>
     <span class='ocr_line' id='line_1_22' title="bbox 108 1300 1506 1349; baseline -0.001 -11"><span class='ocrx_word' id='word_1_165' title='bbox 108 1301 207 1346; x_wconf 88' lang='lat' dir='ltr'>tatis,</span> <span class='ocrx_word' id='word_1_166' title='bbox 228 1301 352 1337; x_wconf 91' lang='lat' dir='ltr'>cultus</span> <span class='ocrx_word' id='word_1_167' title='bbox 372 1300 462 1337; x_wconf 92' lang='lat' dir='ltr'>dico</span> <span class='ocrx_word' id='word_1_168' title='bbox 484 1311 662 1348; x_wconf 87' lang='lat' dir='ltr'>agrorum</span> <span class='ocrx_word' id='word_1_169' title='bbox 693 1301 1029 1348; x_wconf 84' lang='lat' dir='ltr'>extructionesque</span> <span class='ocrx_word' id='word_1_170' title='bbox 1059 1307 1261 1345; x_wconf 86' lang='lat' dir='ltr'>tectorum,</span> <span class='ocrx_word' id='word_1_171' title='bbox 1283 1308 1506 1349; x_wconf 87' lang='lat' dir='ltr'>tegumenta</span> 
     </span>
     <span class='ocr_line' id='line_1_23' title="bbox 108 1364 1504 1413; baseline 0 -11"><span class='ocrx_word' id='word_1_172' title='bbox 108 1377 314 1413; x_wconf 89' lang='lat' dir='ltr'>corporum</span> <span class='ocrx_word' id='word_1_173' title='bbox 334 1365 394 1401; x_wconf 86' lang='lat' dir='ltr'>vel</span> <span class='ocrx_word' id='word_1_174' title='bbox 414 1371 519 1401; x_wconf 84' lang='lat' dir='ltr'>texta</span> <span class='ocrx_word' id='word_1_175' title='bbox 537 1364 599 1401; x_wconf 92' lang='lat' dir='ltr'>vel</span> <span class='ocrx_word' id='word_1_176' title='bbox 619 1371 704 1401; x_wconf 87' lang='lat' dir='ltr'>suta</span> <span class='ocrx_word' id='word_1_177' title='bbox 723 1376 959 1413; x_wconf 88' lang='lat' dir='ltr'>omnemque</span> <span class='ocrx_word' id='word_1_178' title='bbox 991 1365 1174 1402; x_wconf 84' lang='lat' dir='ltr'>fabricam</span> <span class='ocrx_word' id='word_1_179' title='bbox 1203 1366 1299 1402; x_wconf 89' lang='lat' dir='ltr'>aeris</span> <span class='ocrx_word' id='word_1_180' title='bbox 1329 1374 1367 1402; x_wconf 90' lang='lat' dir='ltr'>et</span> <span class='ocrx_word' id='word_1_181' title='bbox 1394 1367 1479 1402; x_wconf 87' lang='lat' dir='ltr'>ferri</span> <span class='ocrx_word' id='word_1_182' title='bbox 1496 1380 1504 1411; x_wconf 77' lang='lat'><em>3</em></span> 
     </span>
     <span class='ocr_line' id='line_1_24' title="bbox 109 1428 1505 1478; baseline 0.001 -12"><span class='ocrx_word' id='word_1_183' title='bbox 109 1442 157 1466; x_wconf 77' lang='lat' dir='ltr'>ex</span> <span class='ocrx_word' id='word_1_184' title='bbox 175 1441 253 1478; x_wconf 93' lang='lat' dir='ltr'>quo</span> <span class='ocrx_word' id='word_1_185' title='bbox 273 1429 502 1477; x_wconf 87' lang='lat' dir='ltr'>intellegitur</span> <span class='ocrx_word' id='word_1_186' title='bbox 519 1428 570 1465; x_wconf 87' lang='lat' dir='ltr'>ad</span> <span class='ocrx_word' id='word_1_187' title='bbox 590 1429 745 1465; x_wconf 82' lang='lat' dir='ltr'>inventa</span> <span class='ocrx_word' id='word_1_188' title='bbox 764 1429 906 1474; x_wconf 88' lang='lat' dir='ltr'>animo,</span> <span class='ocrx_word' id='word_1_189' title='bbox 928 1437 1112 1478; x_wconf 88' lang='lat' dir='ltr'>percepta</span> <span class='ocrx_word' id='word_1_190' title='bbox 1132 1430 1306 1466; x_wconf 86' lang='lat' dir='ltr'>sensibus</span> <span class='ocrx_word' id='word_1_191' title='bbox 1327 1430 1505 1467; x_wconf 88' lang='lat' dir='ltr'>adhibitis</span> 
     </span>
     <span class='ocr_line' id='line_1_25' title="bbox 108 1493 1507 1542; baseline 0.001 -12"><span class='ocrx_word' id='word_1_192' title='bbox 108 1494 292 1542; x_wconf 89' lang='lat' dir='ltr'>opificum</span> <span class='ocrx_word' id='word_1_193' title='bbox 312 1494 490 1531; x_wconf 88' lang='lat' dir='ltr'>manibus</span> <span class='ocrx_word' id='word_1_194' title='bbox 519 1493 651 1530; x_wconf 89' lang='lat' dir='ltr'>omnia</span> <span class='ocrx_word' id='word_1_195' title='bbox 679 1505 751 1530; x_wconf 91' lang='lat' dir='ltr'>nos</span> <span class='ocrx_word' id='word_1_196' title='bbox 782 1501 1025 1539; x_wconf 91' lang='lat' dir='ltr'>consecutos,</span> <span class='ocrx_word' id='word_1_197' title='bbox 1046 1501 1087 1530; x_wconf 90' lang='lat' dir='ltr'>ut</span> <span class='ocrx_word' id='word_1_198' title='bbox 1115 1495 1219 1541; x_wconf 67' lang='lat' dir='ltr'>tecti,</span> <span class='ocrx_word' id='word_1_199' title='bbox 1240 1502 1280 1530; x_wconf 90' lang='lat' dir='ltr'>ut</span> <span class='ocrx_word' id='word_1_200' title='bbox 1309 1495 1444 1539; x_wconf 89' lang='lat' dir='ltr'>vestiti,</span> <span class='ocrx_word' id='word_1_201' title='bbox 1466 1502 1507 1531; x_wconf 92' lang='lat' dir='ltr'>ut</span> 
     </span>
     <span class='ocr_line' id='line_1_26' title="bbox 107 1557 1504 1606; baseline 0.001 -11"><span class='ocrx_word' id='word_1_202' title='bbox 107 1559 198 1595; x_wconf 83' lang='lat' dir='ltr'>salvi</span> <span class='ocrx_word' id='word_1_203' title='bbox 228 1570 311 1595; x_wconf 90' lang='lat' dir='ltr'>esse</span> <span class='ocrx_word' id='word_1_204' title='bbox 340 1569 554 1606; x_wconf 87' lang='lat' dir='ltr'>possemus,</span> <span class='ocrx_word' id='word_1_205' title='bbox 584 1558 710 1602; x_wconf 91' lang='lat' dir='ltr'>urbes,</span> <span class='ocrx_word' id='word_1_206' title='bbox 741 1570 882 1602; x_wconf 90' lang='lat' dir='ltr'>muros,</span> <span class='ocrx_word' id='word_1_207' title='bbox 913 1557 1122 1603; x_wconf 88' lang='lat' dir='ltr'>domicilia,</span> <span class='ocrx_word' id='word_1_208' title='bbox 1154 1558 1312 1595; x_wconf 81' lang='lat' dir='ltr'>delubra</span> <span class='ocrx_word' id='word_1_209' title='bbox 1346 1559 1504 1596; x_wconf 85' lang='lat' dir='ltr'>habere—</span> 
     </span>
     <span class='ocr_line' id='line_1_27' title="bbox 107 1622 1563 1670; baseline -0.001 -10"><span class='ocrx_word' id='word_1_210' title='bbox 107 1635 204 1660; x_wconf 86' lang='lat' dir='ltr'>mus.</span> <span class='ocrx_word' id='word_1_211' title='bbox 264 1623 346 1659; x_wconf 90' lang='lat' dir='ltr'>Iam</span> <span class='ocrx_word' id='word_1_212' title='bbox 366 1634 457 1659; x_wconf 85' lang='lat' dir='ltr'>vero</span> <span class='ocrx_word' id='word_1_213' title='bbox 483 1623 664 1670; x_wconf 88' lang='lat' dir='ltr'>operibus</span> <span class='ocrx_word' id='word_1_214' title='bbox 685 1622 899 1666; x_wconf 84' lang='lat' dir='ltr'>hominum,</span> <span class='ocrx_word' id='word_1_215' title='bbox 920 1622 961 1659; x_wconf 93' lang='lat' dir='ltr'>id</span> <span class='ocrx_word' id='word_1_216' title='bbox 989 1629 1047 1659; x_wconf 89' lang='lat' dir='ltr'>est</span> <span class='ocrx_word' id='word_1_217' title='bbox 1076 1623 1264 1667; x_wconf 82' lang='lat' dir='ltr'>manibus,</span> <span class='ocrx_word' id='word_1_218' title='bbox 1286 1623 1361 1660; x_wconf 89' lang='lat' dir='ltr'>cibi</span> <span class='ocrx_word' id='word_1_219' title='bbox 1390 1624 1505 1660; x_wconf 89' lang='lat' dir='ltr'>etiam</span> <span class='ocrx_word' id='word_1_220' title='bbox 1516 1633 1563 1658; x_wconf 87' lang='lat'>151</span> 
     </span>
     <span class='ocr_line' id='line_1_28' title="bbox 107 1686 1507 1735; baseline 0 -11"><span class='ocrx_word' id='word_1_221' title='bbox 107 1688 267 1724; x_wconf 79' lang='lat' dir='ltr'>varietas</span> <span class='ocrx_word' id='word_1_222' title='bbox 288 1687 477 1724; x_wconf 80' lang='lat' dir='ltr'>invenitur</span> <span class='ocrx_word' id='word_1_223' title='bbox 496 1693 535 1723; x_wconf 91' lang='lat' dir='ltr'>et</span> <span class='ocrx_word' id='word_1_224' title='bbox 561 1687 687 1734; x_wconf 87' lang='lat' dir='ltr'>copia.</span> <span class='ocrx_word' id='word_1_225' title='bbox 746 1686 848 1722; x_wconf 88' lang='lat' dir='ltr'>Nam</span> <span class='ocrx_word' id='word_1_226' title='bbox 878 1693 917 1723; x_wconf 90' lang='lat' dir='ltr'>et</span> <span class='ocrx_word' id='word_1_227' title='bbox 945 1687 1024 1735; x_wconf 86' lang='lat' dir='ltr'>agri</span> <span class='ocrx_word' id='word_1_228' title='bbox 1053 1687 1172 1723; x_wconf 89' lang='lat' dir='ltr'>multa</span> <span class='ocrx_word' id='word_1_229' title='bbox 1201 1687 1361 1723; x_wconf 81' lang='lat' dir='ltr'>efferunt</span> <span class='ocrx_word' id='word_1_230' title='bbox 1390 1700 1507 1724; x_wconf 89' lang='lat' dir='ltr'>manu</span> 
     </span>
     <span class='ocr_line' id='line_1_29' title="bbox 108 1751 1507 1800; baseline 0 -12"><span class='ocrx_word' id='word_1_231' title='bbox 108 1752 290 1800; x_wconf 87' lang='lat' dir='ltr'>quaesita,</span> <span class='ocrx_word' id='word_1_232' title='bbox 321 1763 420 1799; x_wconf 89' lang='lat' dir='ltr'>quae</span> <span class='ocrx_word' id='word_1_233' title='bbox 449 1751 509 1787; x_wconf 92' lang='lat' dir='ltr'>vel</span> <span class='ocrx_word' id='word_1_234' title='bbox 537 1751 663 1787; x_wconf 85' lang='lat' dir='ltr'>statim</span> <span class='ocrx_word' id='word_1_235' title='bbox 695 1757 972 1787; x_wconf 85' lang='lat' dir='ltr'>consumantur</span> <span class='ocrx_word' id='word_1_236' title='bbox 999 1751 1060 1787; x_wconf 88' lang='lat' dir='ltr'>vel</span> <span class='ocrx_word' id='word_1_237' title='bbox 1089 1751 1320 1787; x_wconf 85' lang='lat' dir='ltr'>mandentur</span> <span class='ocrx_word' id='word_1_238' title='bbox 1349 1752 1507 1788; x_wconf 88' lang='lat' dir='ltr'>condita</span> 
     </span>
     <span class='ocr_line' id='line_1_30' title="bbox 106 1815 1505 1864; baseline 0.001 -12"><span class='ocrx_word' id='word_1_239' title='bbox 106 1816 296 1860; x_wconf 89' lang='lat' dir='ltr'>vetustati,</span> <span class='ocrx_word' id='word_1_240' title='bbox 318 1822 356 1852; x_wconf 91' lang='lat' dir='ltr'>et</span> <span class='ocrx_word' id='word_1_241' title='bbox 376 1822 574 1864; x_wconf 85' lang='lat' dir='ltr'>praeterea</span> <span class='ocrx_word' id='word_1_242' title='bbox 592 1815 785 1852; x_wconf 90' lang='lat' dir='ltr'>vescimur</span> <span class='ocrx_word' id='word_1_243' title='bbox 805 1815 935 1852; x_wconf 89' lang='lat' dir='ltr'>bestiis</span> <span class='ocrx_word' id='word_1_244' title='bbox 956 1822 994 1851; x_wconf 89' lang='lat' dir='ltr'>et</span> <span class='ocrx_word' id='word_1_245' title='bbox 1022 1816 1181 1852; x_wconf 89' lang='lat' dir='ltr'>terrenis</span> <span class='ocrx_word' id='word_1_246' title='bbox 1210 1823 1248 1852; x_wconf 90' lang='lat' dir='ltr'>et</span> <span class='ocrx_word' id='word_1_247' title='bbox 1277 1817 1505 1863; x_wconf 87' lang='lat' dir='ltr'>aquatilibus</span> 
     </span>
     <span class='ocr_line' id='line_1_31' title="bbox 107 1880 1505 1929; baseline 0 -11"><span class='ocrx_word' id='word_1_248' title='bbox 107 1888 146 1918; x_wconf 88' lang='lat' dir='ltr'>et</span> <span class='ocrx_word' id='word_1_249' title='bbox 165 1881 379 1918; x_wconf 86' lang='lat' dir='ltr'>volantibus</span> <span class='ocrx_word' id='word_1_250' title='bbox 398 1881 538 1929; x_wconf 90' lang='lat' dir='ltr'>partim</span> <span class='ocrx_word' id='word_1_251' title='bbox 558 1880 764 1928; x_wconf 92' lang='lat' dir='ltr'>capiendo,</span> <span class='ocrx_word' id='word_1_252' title='bbox 786 1881 926 1929; x_wconf 88' lang='lat' dir='ltr'>partim</span> <span class='ocrx_word' id='word_1_253' title='bbox 945 1880 1099 1917; x_wconf 89' lang='lat' dir='ltr'>alendo.</span> <span class='ocrx_word' id='word_1_254' title='bbox 1158 1881 1358 1917; x_wconf 83' lang='lat' dir='ltr'>Efficimus</span> <span class='ocrx_word' id='word_1_255' title='bbox 1389 1882 1505 1918; x_wconf 86' lang='lat' dir='ltr'>etiarn</span> 
     </span>
     <span class='ocr_line' id='line_1_32' title="bbox 107 1944 1505 1993; baseline 0 -11"><span class='ocrx_word' id='word_1_256' title='bbox 107 1944 256 1982; x_wconf 90' lang='lat' dir='ltr'>domitu</span> <span class='ocrx_word' id='word_1_257' title='bbox 277 1952 409 1981; x_wconf 86' lang='lat' dir='ltr'>nostro</span> <span class='ocrx_word' id='word_1_258' title='bbox 435 1944 720 1992; x_wconf 88' lang='lat' dir='ltr'>quadripedum</span> <span class='ocrx_word' id='word_1_259' title='bbox 749 1945 962 1989; x_wconf 87' lang='lat' dir='ltr'>vectiones,</span> <span class='ocrx_word' id='word_1_260' title='bbox 993 1956 1158 1993; x_wconf 90' lang='lat' dir='ltr'>quorum</span> <span class='ocrx_word' id='word_1_261' title='bbox 1188 1945 1360 1982; x_wconf 89' lang='lat' dir='ltr'>celeritas</span> <span class='ocrx_word' id='word_1_262' title='bbox 1390 1952 1505 1993; x_wconf 86' lang='lat' dir='ltr'>atque</span> 
     </span>
     <span class='ocr_line' id='line_1_33' title="bbox 106 2008 1506 2057; baseline 0 -12"><span class='ocrx_word' id='word_1_263' title='bbox 106 2010 162 2046; x_wconf 94' lang='lat' dir='ltr'>vis</span> <span class='ocrx_word' id='word_1_264' title='bbox 181 2009 293 2046; x_wconf 87' lang='lat' dir='ltr'>nobis</span> <span class='ocrx_word' id='word_1_265' title='bbox 313 2009 404 2057; x_wconf 89' lang='lat' dir='ltr'>ipsis</span> <span class='ocrx_word' id='word_1_266' title='bbox 424 2008 547 2046; x_wconf 89' lang='lat' dir='ltr'>adfert</span> <span class='ocrx_word' id='word_1_267' title='bbox 566 2009 644 2045; x_wconf 89' lang='lat' dir='ltr'>vim</span> <span class='ocrx_word' id='word_1_268' title='bbox 665 2015 702 2045; x_wconf 91' lang='lat' dir='ltr'>et</span> <span class='ocrx_word' id='word_1_269' title='bbox 722 2009 971 2046; x_wconf 88' lang='lat' dir='ltr'>celeritatem.</span> <span class='ocrx_word' id='word_1_270' title='bbox 1029 2009 1112 2045; x_wconf 93' lang='lat' dir='ltr'>Nos</span> <span class='ocrx_word' id='word_1_271' title='bbox 1139 2021 1257 2046; x_wconf 87' lang='lat' dir='ltr'>onera</span> <span class='ocrx_word' id='word_1_272' title='bbox 1276 2009 1506 2057; x_wconf 88' lang='lat' dir='ltr'>quibusdam</span> 
     </span>
     <span class='ocr_line' id='line_1_34' title="bbox 107 2073 1505 2122; baseline 0 -12"><span class='ocrx_word' id='word_1_273' title='bbox 107 2073 250 2118; x_wconf 89' lang='lat' dir='ltr'>bestiis,</span> <span class='ocrx_word' id='word_1_274' title='bbox 271 2086 342 2110; x_wconf 87' lang='lat' dir='ltr'>nos</span> <span class='ocrx_word' id='word_1_275' title='bbox 363 2074 449 2122; x_wconf 88' lang='lat' dir='ltr'>iuga</span> <span class='ocrx_word' id='word_1_276' title='bbox 470 2073 704 2121; x_wconf 90' lang='lat' dir='ltr'>inponimus,</span> <span class='ocrx_word' id='word_1_277' title='bbox 725 2085 797 2110; x_wconf 84' lang='lat' dir='ltr'>nos</span> <span class='ocrx_word' id='word_1_278' title='bbox 827 2073 1120 2121; x_wconf 90' lang='lat' dir='ltr'>elephantorum</span> <span class='ocrx_word' id='word_1_279' title='bbox 1150 2074 1390 2110; x_wconf 89' lang='lat' dir='ltr'>acutissumis</span> <span class='ocrx_word' id='word_1_280' title='bbox 1418 2086 1505 2111; x_wconf 90' lang='lat' dir='ltr'>sen-</span> 
     </span>
     <span class='ocr_line' id='line_1_35' title="bbox 108 2137 1505 2186; baseline 0 -12"><span class='ocrx_word' id='word_1_281' title='bbox 108 2138 224 2182; x_wconf 86' lang='lat' dir='ltr'>sibus,</span> <span class='ocrx_word' id='word_1_282' title='bbox 245 2149 315 2174; x_wconf 86' lang='lat' dir='ltr'>nos</span> <span class='ocrx_word' id='word_1_283' title='bbox 335 2138 542 2186; x_wconf 87' lang='lat' dir='ltr'>sagacitate</span> <span class='ocrx_word' id='word_1_284' title='bbox 563 2150 705 2174; x_wconf 89' lang='lat' dir='ltr'>canum</span> <span class='ocrx_word' id='word_1_285' title='bbox 725 2137 776 2174; x_wconf 92' lang='lat' dir='ltr'>ad</span> <span class='ocrx_word' id='word_1_286' title='bbox 797 2138 999 2174; x_wconf 89' lang='lat' dir='ltr'>utilitatem</span> <span class='ocrx_word' id='word_1_287' title='bbox 1019 2145 1189 2175; x_wconf 86' lang='lat' dir='ltr'>nostram</span> <span class='ocrx_word' id='word_1_288' title='bbox 1211 2138 1412 2183; x_wconf 89' lang='lat' dir='ltr'>abutimur,</span> <span class='ocrx_word' id='word_1_289' title='bbox 1433 2151 1505 2175; x_wconf 93' lang='lat' dir='ltr'>nos</span> 
     </span>
     <span class='ocr_line' id='line_1_36' title="bbox 108 2201 1504 2250; baseline 0 -12"><span class='ocrx_word' id='word_1_290' title='bbox 108 2213 129 2238; x_wconf 87' lang='lat' dir='ltr'>e</span> <span class='ocrx_word' id='word_1_291' title='bbox 149 2209 270 2238; x_wconf 89' lang='lat' dir='ltr'>terrae</span> <span class='ocrx_word' id='word_1_292' title='bbox 291 2202 462 2238; x_wconf 91' lang='lat' dir='ltr'>cavernis</span> <span class='ocrx_word' id='word_1_293' title='bbox 482 2202 620 2238; x_wconf 88' lang='lat' dir='ltr'>ferrum</span> <span class='ocrx_word' id='word_1_294' title='bbox 642 2202 828 2250; x_wconf 86' lang='lat' dir='ltr'>eligimus,</span> <span class='ocrx_word' id='word_1_295' title='bbox 850 2213 932 2238; x_wconf 89' lang='lat' dir='ltr'>rem</span> <span class='ocrx_word' id='word_1_296' title='bbox 952 2201 1003 2238; x_wconf 88' lang='lat' dir='ltr'>ad</span> <span class='ocrx_word' id='word_1_297' title='bbox 1023 2202 1210 2239; x_wconf 90' lang='lat' dir='ltr'>colendos</span> <span class='ocrx_word' id='word_1_298' title='bbox 1231 2214 1341 2250; x_wconf 90' lang='lat' dir='ltr'>agros</span> <span class='ocrx_word' id='word_1_299' title='bbox 1370 2214 1504 2239; x_wconf 90' lang='lat' dir='ltr'>neces-</span> 
     </span>
     <span class='ocr_line' id='line_1_37' title="bbox 108 2266 1504 2314; baseline 0.001 -12"><span class='ocrx_word' id='word_1_300' title='bbox 108 2266 256 2311; x_wconf 86' lang='lat' dir='ltr'>sariam,</span> <span class='ocrx_word' id='word_1_301' title='bbox 276 2277 348 2302; x_wconf 90' lang='lat' dir='ltr'>nos</span> <span class='ocrx_word' id='word_1_302' title='bbox 367 2266 475 2311; x_wconf 87' lang='lat' dir='ltr'>aeris,</span> <span class='ocrx_word' id='word_1_303' title='bbox 497 2267 654 2314; x_wconf 88' lang='lat' dir='ltr'>argenti,</span> <span class='ocrx_word' id='word_1_304' title='bbox 677 2266 755 2302; x_wconf 88' lang='lat' dir='ltr'>auri</span> <span class='ocrx_word' id='word_1_305' title='bbox 783 2278 900 2302; x_wconf 88' lang='lat' dir='ltr'>venas</span> <span class='ocrx_word' id='word_1_306' title='bbox 929 2266 1082 2314; x_wconf 87' lang='lat' dir='ltr'>penitus</span> <span class='ocrx_word' id='word_1_307' title='bbox 1111 2266 1261 2303; x_wconf 86' lang='lat' dir='ltr'>abditas</span> <span class='ocrx_word' id='word_1_308' title='bbox 1290 2267 1504 2303; x_wconf 81' lang='lat' dir='ltr'>invenimus</span> 
     </span>
     <span class='ocr_line' id='line_1_38' title="bbox 108 2329 1503 2378; baseline 0.001 -12"><span class='ocrx_word' id='word_1_309' title='bbox 108 2336 146 2366; x_wconf 92' lang='lat' dir='ltr'>et</span> <span class='ocrx_word' id='word_1_310' title='bbox 165 2329 216 2366; x_wconf 91' lang='lat' dir='ltr'>ad</span> <span class='ocrx_word' id='word_1_311' title='bbox 235 2341 346 2367; x_wconf 89' lang='lat' dir='ltr'>usum</span> <span class='ocrx_word' id='word_1_312' title='bbox 367 2337 474 2378; x_wconf 89' lang='lat' dir='ltr'>aptas</span> <span class='ocrx_word' id='word_1_313' title='bbox 495 2337 533 2367; x_wconf 87' lang='lat' dir='ltr'>et</span> <span class='ocrx_word' id='word_1_314' title='bbox 553 2330 603 2367; x_wconf 89' lang='lat' dir='ltr'>ad</span> <span class='ocrx_word' id='word_1_315' title='bbox 633 2337 810 2367; x_wconf 88' lang='lat' dir='ltr'>ornatum</span> <span class='ocrx_word' id='word_1_316' title='bbox 840 2330 1015 2375; x_wconf 89' lang='lat' dir='ltr'>decoras,</span> <span class='ocrx_word' id='word_1_317' title='bbox 1045 2331 1224 2367; x_wconf 89' lang='lat' dir='ltr'>arborum</span> <span class='ocrx_word' id='word_1_318' title='bbox 1253 2338 1381 2367; x_wconf 87' lang='lat' dir='ltr'>autem</span> <span class='ocrx_word' id='word_1_319' title='bbox 1410 2343 1503 2367; x_wconf 86' lang='lat' dir='ltr'>con-</span> 
     </span>
     <span class='ocr_line' id='line_1_39' title="bbox 108 2394 1502 2442; baseline 0.001 -12"><span class='ocrx_word' id='word_1_320' title='bbox 108 2394 279 2430; x_wconf 91' lang='lat' dir='ltr'>sectione</span> <span class='ocrx_word' id='word_1_321' title='bbox 300 2395 483 2442; x_wconf 88' lang='lat' dir='ltr'>omnique</span> <span class='ocrx_word' id='word_1_322' title='bbox 504 2395 662 2430; x_wconf 85' lang='lat' dir='ltr'>materia</span> <span class='ocrx_word' id='word_1_323' title='bbox 681 2401 719 2431; x_wconf 91' lang='lat' dir='ltr'>et</span> <span class='ocrx_word' id='word_1_324' title='bbox 740 2394 841 2430; x_wconf 86' lang='lat' dir='ltr'>culta</span> <span class='ocrx_word' id='word_1_325' title='bbox 862 2401 900 2430; x_wconf 91' lang='lat' dir='ltr'>et</span> <span class='ocrx_word' id='word_1_326' title='bbox 929 2395 1086 2431; x_wconf 85' lang='lat' dir='ltr'>silvestri</span> <span class='ocrx_word' id='word_1_327' title='bbox 1116 2395 1254 2442; x_wconf 88' lang='lat' dir='ltr'>partim</span> <span class='ocrx_word' id='word_1_328' title='bbox 1284 2394 1334 2431; x_wconf 89' lang='lat' dir='ltr'>ad</span> <span class='ocrx_word' id='word_1_329' title='bbox 1363 2395 1502 2431; x_wconf 88' lang='lat' dir='ltr'>calfici-</span> 
     </span>
     <span class='ocr_line' id='line_1_40' title="bbox 109 2457 1502 2506; baseline 0.001 -12"><span class='ocrx_word' id='word_1_330' title='bbox 109 2457 254 2496; x_wconf 88' lang='lat' dir='ltr'>endum</span> <span class='ocrx_word' id='word_1_331' title='bbox 284 2469 423 2506; x_wconf 90' lang='lat' dir='ltr'>corpus</span> <span class='ocrx_word' id='word_1_332' title='bbox 452 2458 530 2506; x_wconf 87' lang='lat' dir='ltr'>igni</span> <span class='ocrx_word' id='word_1_333' title='bbox 558 2457 732 2495; x_wconf 85' lang='lat' dir='ltr'>adhibito</span> <span class='ocrx_word' id='word_1_334' title='bbox 759 2465 797 2494; x_wconf 91' lang='lat' dir='ltr'>et</span> <span class='ocrx_word' id='word_1_335' title='bbox 826 2457 877 2494; x_wconf 88' lang='lat' dir='ltr'>ad</span> <span class='ocrx_word' id='word_1_336' title='bbox 907 2458 1160 2506; x_wconf 88' lang='lat' dir='ltr'>mitigandum</span> <span class='ocrx_word' id='word_1_337' title='bbox 1190 2459 1322 2495; x_wconf 90' lang='lat' dir='ltr'>cibum</span> <span class='ocrx_word' id='word_1_338' title='bbox 1351 2459 1502 2505; x_wconf 87' lang='lat' dir='ltr'>utimur,</span> 
     </span>
    </p>
   </div>
  </div>
 </body>
</html>
