1681 2752
527 150 612 181 Lm.
639 151 703 182 111.
749 151 827 181 cm.
846 151 872 181 1.
919 151 1049 190 §§1-4-
1412 149 1490 191 137

144 249 253 283 Cotta
270 249 387 283 closes
401 249 486 283 with
505 248 565 283 the
583 260 774 283 assurance
790 249 868 283 that
886 249 946 283 the
960 249 1031 283 aim
1046 248 1087 283 of
1101 249 1156 283 his
1170 249 1286 284 whole
1306 248 1491 283 discourse

98 305 128 339 is
149 312 210 340 not
230 312 266 339 to
285 305 379 351 deny
398 306 458 339 the
476 306 658 340 existence
677 306 718 340 of
737 306 796 340 the
814 306 920 351 godS‚
941 306 1006 340 but
1024 306 1109 351 only
1129 313 1167 340 to
1185 306 1285 340 show
1304 306 1384 340 how
1403 305 1493 339 diffi-

99 363 171 396 cult
190 363 215 396 it
242 362 270 395 is
298 369 334 396 to
355 362 468 396 arrive
495 369 531 396 at
556 374 626 407 any
645 363 793 397 distinct
822 363 1033 408 knowledge
1061 363 1173 396 about
1201 363 1313 396 them.
1365 363 1493 396 Cicero

98 420 189 453 adds
216 419 381 453 however
407 419 496 457 that.
517 419 691 465 although
712 419 870 453 Velleius
897 430 1125 463 pronounces
1145 420 1204 454 the
1223 419 1429 463 exposition
1450 419 1491 453 of

99 477 207 511 Cotta
232 483 308 510 true
333 476 404 509 and
435 476 665 521 convincing‚
687 476 731 510 he
760 477 907 511 himself
928 477 958 510 is
985 476 1143 511 inclined
1171 483 1208 511 to
1239 476 1406 511 consider
1433 476 1493 510 the

99 534 207 568 views
232 533 274 568 of
295 533 430 568 Balbus
447 544 487 567 as
506 544 604 567 more
622 533 810 577 probable.

111 895 330 1027 QUAE
369 908 459 933 cum
497 896 638 934 Balbus
677 896 845 942 dixisset,
880 903 962 934 tum
996 897 1178 935 adridens
1213 898 1351 936 Cotta:
1393 894 1535 963 Sero,}

276 961 408 1008 inquit,
448 960 554 1006 mihi,
595 962 727 1006 Balbe,
762 962 963 1010 praecipis,
1001 961 1096 1010 quid
1133 962 1354 999 defendam.
1414 963 1498 1010 Ego

103 1026 207 1061 enim
227 1031 264 1061 te
291 1024 523 1072 disputante,
546 1024 641 1072 quid
671 1032 804 1062 contra
833 1025 1017 1071 dicerem,
1038 1038 1194 1062 mecum
1225 1026 1306 1074 ipse
1337 1025 1498 1063 medita-

102 1089 181 1133 bar,
214 1100 340 1136 neque
372 1096 450 1125 tam
482 1088 682 1126 refellendi
711 1090 765 1126 tui
795 1102 911 1126 causa
937 1102 1053 1137 quam
1081 1102 1138 1135 ea,
1159 1102 1258 1137 quae
1289 1091 1414 1126 minus
1443 1090 1498 1126 in-

63 1167 78 1192 ⁵
105 1153 346 1201 tellegebam,
384 1153 616 1201 requirendi.
676 1154 775 1191 Cum
815 1161 944 1190 autem
982 1166 1052 1190 suo
1091 1154 1232 1202 cuique
1271 1154 1415 1191 iudicio
1454 1155 1500 1191 sit

103 1217 304 1263 utendum,
326 1217 480 1254 difficile
510 1218 614 1255 factu
643 1224 701 1255 est
730 1230 793 1255 me
824 1217 864 1255 id
893 1219 1046 1263 sentire,
1069 1218 1176 1266 quod
1196 1226 1236 1255 tu
1257 1219 1361 1256 velis.
1421 1219 1499 1255 Hic
1517 1232 1533 1257 2

102 1282 295 1319 Velleius:
329 1282 479 1327 Nescis,
501 1282 635 1330 inquit,
664 1289 808 1330 quanta
836 1295 926 1319 cum
955 1283 1259 1331 exspectatione,
1281 1283 1408 1328 Cotta,
1429 1284 1500 1319 sim

105 1353 143 1384 te
163 1346 372 1383 auditurus.
430 1346 631 1383 Iucundus
658 1347 761 1383 enim
783 1347 904 1383 Balbo
933 1354 1065 1384 nostro
1095 1359 1222 1384 sermo
1251 1354 1338 1384 tuus
1368 1355 1503 1384 contra

108 1411 319 1460 Epicurum
339 1411 435 1457 fuit;
464 1411 660 1459 praebebo
681 1411 794 1459 igitur
821 1423 895 1459 ego
925 1423 986 1447 me
1017 1411 1086 1448 tibi
1116 1411 1283 1448 vicissim
1313 1418 1502 1448 attentum

58 1493 90 1510 ιο
108 1482 243 1513 contra
271 1475 420 1513 Stoicos
448 1474 676 1512 auditorem.
734 1476 854 1523 Spero
878 1475 982 1512 enim
1006 1482 1057 1521 te,
1077 1482 1120 1512 ut
1139 1475 1250 1521 soles,
1272 1475 1373 1512 bene
1393 1488 1501 1524 para-

107 1547 190 1577 tum
209 1539 350 1577 venire.
406 1539 510 1576 Tum
530 1539 669 1576 Cotta:
701 1540 762 1577 Sic
783 1539 1018 1585 mehercule,
1039 1539 1175 1588 inquit,
1196 1539 1319 1576 Vellei
1335 1554 1345 1586 3
1374 1552 1502 1588 neque
1520 1555 1537 1581 3

109 1605 213 1641 enim
242 1604 336 1641 mihi
363 1615 433 1652 par
459 1603 556 1640 ratio
585 1616 675 1640 cum
706 1604 854 1640 Lucilio
884 1610 942 1640 est
970 1615 1016 1639 ac
1036 1610 1167 1640 tecum
1187 1603 1268 1641 fuit.
1326 1604 1404 1652 Qui
1422 1612 1503 1641 tan-

111 1668 230 1706 dem?
257 1668 379 1716 inquit
401 1667 476 1705 ille.
534 1667 636 1715 Quia
668 1667 762 1703 mihi
794 1667 945 1704 videtur
978 1668 1170 1716 Epicurus
1204 1674 1329 1704 vester
1362 1668 1411 1705 de
1445 1668 1504 1706 dis

110 1732 373 1769 inmortalibus
405 1743 486 1770 non
519 1743 754 1780 magnopere
789 1743 961 1780 pugnare
977 1745 987 1778 3
1027 1738 1176 1768 tantum
1210 1731 1330 1769 modo
1364 1744 1504 1781 negare

62 1812 93 1835 15
112 1796 208 1834 deos
241 1808 324 1834 esse
361 1808 442 1833 non
475 1795 604 1841 audet,
639 1807 689 1832 ne
728 1795 820 1844 quid
854 1795 1019 1832 invidiae
1058 1796 1193 1832 subeat
1225 1803 1292 1833 aut
1325 1797 1505 1834 criminis.

113 1860 214 1898 Cum
233 1872 324 1898 vero
345 1859 441 1898 deos
464 1860 558 1898 nihil
581 1872 706 1909 agere,
727 1859 821 1896 nihil
850 1871 983 1896 curare
1013 1860 1216 1897 confirmat
1245 1861 1506 1909 membrisque

113 1925 288 1962 humanis
318 1936 401 1962 esse
430 1924 638 1974 praeditos,
663 1923 734 1961 sed
763 1936 897 1961 eorum
927 1924 1191 1961 membrorum
1218 1937 1332 1962 usum
1360 1925 1506 1962 nullum

113 1989 267 2035 habere,
288 1988 421 2026 ludere
440 1988 591 2026 videtur
616 1989 782 2037 satisque
808 1995 956 2037 putare,
978 1988 1009 2025 si
1035 1988 1174 2025 dixerit
1201 2001 1284 2026 esse
1309 1989 1507 2037 quandam

113 2053 267 2090 beatam
295 2059 468 2090 naturam
493 2059 531 2090 et
554 2059 762 2090 aeternam.
819 2054 853 2090 A
883 2053 1004 2090 Balbo
1034 2060 1163 2089 autem
1193 2053 1505 2099 animadvertisti,
1523 2061 1541 2088 4

65 2134 97 2151 20
115 2116 245 2163 credo,
277 2129 393 2165 quam
424 2117 543 2155 multa
580 2116 686 2155 dicta
717 2117 793 2154 sint
826 2129 1034 2165 quamque,
1067 2117 1217 2154 etiamsi
1249 2117 1375 2154 minus
1405 2130 1505 2163 vera,

115 2188 244 2217 tamen
278 2188 368 2229 apta
400 2182 497 2218 inter
530 2193 570 2218 se
605 2188 643 2218 et
676 2181 936 2218 cohaerentia.
994 2182 1129 2229 Itaque
1164 2181 1306 2229 cogito,
1340 2188 1382 2218 ut
1415 2181 1506 2227 dixi,

115 2256 195 2281 non
214 2251 293 2281 tam
312 2245 483 2282 refellere
505 2245 586 2282 eius
606 2245 822 2282 orationem
843 2257 960 2293 quam
981 2257 1038 2290 ea,
1060 2257 1159 2293 quae
1180 2246 1306 2282 minus
1327 2245 1506 2291 intellexi,

114 2309 319 2356 requirere.
373 2309 513 2356 Quare,
532 2309 661 2355 Balbe,
677 2309 746 2346 tibi
765 2309 958 2357 permitto,
975 2309 1264 2357 responderene
1284 2309 1380 2346 mihi
1398 2309 1508 2346 malis

116 2371 166 2409 de
195 2373 350 2421 singulis
378 2373 492 2410 rebus
521 2373 720 2421 quaerenti
749 2385 798 2410 ex
824 2380 862 2410 te
893 2385 950 2419 ea,
982 2386 1080 2421 quae
1116 2386 1251 2421 parum
1280 2375 1429 2421 accepi,
1459 2386 1509 2411 an

67 2450 98 2474 23
116 2437 330 2474 universam
359 2436 490 2474 audire
520 2437 733 2474 orationem
765 2449 904 2474 meam.
962 2438 1064 2474 Tum
1095 2437 1259 2474 Balbus:
1293 2438 1377 2484 Ego
1402 2449 1506 2482 vero,
