1681 2752
537 171 620 201 LIB.
646 171 673 201 1.
719 171 799 201 CAP.
816 171 875 208 VI,
894 171 971 201 VII.
1019 172 1057 211 ἐξ
1079 179 1191 212 12—17.
1508 171 1560 212 37

169 273 288 310 bitare
327 279 440 321 coget
477 271 791 310 doctissimorum
834 271 1035 309 hominum
1074 272 1123 309 de
1162 284 1342 309 maxuma
1379 284 1418 310 re
1456 279 1562 309 tanta

169 337 368 374 dissensio.
427 335 547 384 Quod
576 348 666 373 cum
695 347 811 384 saepe
850 337 952 381 alias,
982 343 1064 373 tum
1095 338 1262 373 maxime
1296 336 1559 381 animadverti,
1580 347 1612 372 15»

168 413 257 438 cum
285 400 389 449 apud
413 401 459 438 C.
483 401 651 445 Cottam,
674 400 898 436 familiarem
929 412 1072 445 meum,
1094 409 1272 437 accurate
1303 412 1394 437 sane
1416 408 1454 437 et
1478 400 1560 437 dili—

166 472 299 513 genter
331 465 380 502 de
415 464 474 501 (lis
521 464 784 501 inmortalibus
814 463 1051 512 disputatum
1091 471 1160 500 est.
1219 465 1321 501 Nam
1352 476 1441 501 cum
1463 465 1561 501 seriis

125 541 140 565 5
169 529 312 566 Latinis
345 528 396 565 ad
430 541 521 565 eum
554 529 671 576 ipsius
709 534 843 576 rogatu
882 528 1144 576 arcessituque
1178 529 1382 573 venissem,
1417 528 1561 565 offendi

166 605 255 630 eum
288 592 491 630 sedentem
524 593 563 629 in
593 591 736 629 exedra
769 599 807 628 et
835 604 926 628 curn
953 592 998 629 C.
1021 592 1172 629 Velleio
1217 600 1394 629 senatore
1429 592 1559 641 (lispu-

165 664 324 703 tantem,
357 656 407 694 ad
438 669 555 705 quern
587 663 669 693 tum
698 656 879 705 Epicurei
908 656 1050 704 primas
1081 668 1129 693 ex
1162 657 1298 693 nostris
1341 656 1560 694 hominibus

165 721 402 759 deserebant.
458 721 602 758 Aderat
631 721 746 757 etiam
777 720 826 768 Q.
849 721 1018 757 Lucilius
1047 721 1202 766 Balbus,
1223 721 1288 769 qui
1317 727 1443 758 tantos
1472 733 1561 770 pro·

165 797 316 834 gressus
345 785 512 823 habebat
541 786 579 822 in
608 785 757 831 Stoicis,
788 792 829 822 ut
858 797 950 822 cum
980 785 1258 822 excellentibus
1286 785 1326 822 in
1351 797 1399 823 eo
1419 797 1560 834 genere

115 863 148 880 ιο
165 850 323 887 Graecis
353 856 649 899 compararetur.
706 850 821 894 Tum,
843 856 884 886 ut
912 861 974 886 me
1009 850 1126 887 Cotta
1154 849 1260 894 vidit,
1284 851 1559 898 Peroportune,

163 914 298 962 inquit,
328 915 434 951 venis
449 928 460 960 3
499 914 616 950 oritur
645 913 748 950 enirn
786 913 880 950 mihi
920 925 1060 962 magna
1089 913 1138 950 de
1173 926 1212 950 re
1243 914 1440 951 altercatio
1469 926 1559 951 cum

163 978 322 1024 Velleio,
345 979 407 1015 cui
426 990 497 1027 pro
516 985 584 1014 tuo
604 977 733 1014 studio
753 989 834 1014 non
854 984 911 1014 est
931 978 1099 1014 alienum
1120 985 1157 1014 te
1178 978 1375 1014 interesse.
1430 980 1559 1026 Atque
1586 971 1604 1006 7

164 1043 257 1079 mihi
299 1054 454 1091 quoque
496 1041 641 1087 videor,
681 1041 853 1089 inquam,
892 1042 1055 1087 venisse,
1109 1049 1151 1078 ut
1201 1041 1310 1087 dicis,
1356 1049 1559 1090 oportune.

161 1108 258 1144 Tres
286 1108 391 1144 enim
419 1107 534 1143 trium
563 1105 851 1154 disciplinarum
881 1106 1076 1154 principes
1105 1106 1351 1143 convenistis.
1411 1107 1466 1143 M.
1494 1119 1559 1143 au-

114 1185 145 1209 15
163 1178 244 1208 tem
273 1172 360 1208 Piso
390 1171 419 1208 si
449 1171 614 1215 adesset,
635 1170 774 1206 nullius
804 1169 1072 1218 philosophiae
1103 1182 1235 1206 earum
1265 1170 1435 1218 quidem,
1461 1183 1559 1219 quae

163 1236 203 1273 in
231 1236 378 1273 honore
416 1243 516 1281 sunt,
545 1241 698 1271 vacaret
736 1234 858 1271 locus.
915 1235 1017 1271 Tum
1047 1235 1186 1272 Cotta:
1220 1235 1270 1280 Si,
1303 1235 1437 1283 inquit,
1466 1235 1560 1272 liber

162 1301 345 1337 Antiochi
368 1300 498 1345 nostri,
520 1300 586 1348 qui
615 1299 664 1336 ab
694 1311 742 1336 eo
772 1310 896 1347 nuper
925 1298 975 1335 ad
1005 1298 1109 1335 hunc
1138 1299 1301 1336 Balbum
1330 1300 1467 1336 missus
1489 1307 1556 1345 est,

161 1376 252 1401 vera
280 1365 458 1412 loquitur,
479 1364 573 1400 nihil
602 1370 672 1409 est,
703 1362 811 1411 quod
841 1363 1035 1408 Pisonem,
1057 1363 1281 1400 familiarem
1307 1370 1428 1408 tuum,
1459 1363 1557 1401 desi-

162 1427 300 1475 deres,
338 1428 534 1466 Antiocho
567 1428 672 1464 enim
706 1427 824 1465 Stoici
857 1439 948 1464 cum
982 1427 1244 1475 Peripateticis
1277 1439 1317 1464 re
1350 1429 1556 1465 concinere

113 1492 351 1539 aovidentur,
380 1493 505 1530 verbis
534 1492 753 1540 discrepare
769 1505 780 1538 ;
811 1503 891 1540 quo
923 1491 973 1528 de
1003 1491 1112 1537 libro,
1146 1492 1278 1537 Balbe,
1312 1492 1426 1529 velim
1460 1493 1557 1529 scire

161 1558 257 1607 quid
290 1559 444 1596 sentias.
502 1559 668 1607 Egone?
709 1558 833 1606 inquit
867 1557 941 1595 ille.
995 1557 1117 1595 Miror
1149 1558 1398 1603 Antiochum,
1433 1558 1555 1595 homi-

162 1634 253 1660 nem
282 1623 321 1660 in
353 1623 484 1672 primis
515 1629 684 1668 acutum,
715 1633 795 1658 non
828 1621 970 1659 vidisse
1004 1621 1188 1658 interesse
1218 1622 1427 1670 plurimum
1460 1623 1558 1659 inter

162 1687 325 1733 Stoicos,
347 1688 413 1736 qui
438 1687 601 1724 honesta
620 1699 642 1723 a
661 1686 880 1723 commodis
904 1699 985 1723 non
1012 1687 1184 1732 nomine,
1205 1685 1276 1723 sed
1304 1698 1444 1735 genere
1474 1693 1556 1724 toto

162 1750 415 1800 diiungerent,
446 1758 485 1789 et
518 1751 805 1800 Peripateticos,
838 1750 904 1799 qui
938 1750 1104 1787 honesta
1136 1751 1437 1788 commiscerent
1466 1763 1556 1788 cum

111 1831 143 1856 25
161 1815 392 1862 commodis,
413 1823 455 1853 ut
483 1828 529 1853 ea
559 1816 658 1853 inter
685 1827 725 1852 se
757 1814 1026 1863 magnitudine
1055 1822 1095 1852 et
1126 1816 1235 1863 quasi
1260 1815 1452 1863 gradibus,
1476 1828 1556 1853 non

160 1892 302 1929 genere
333 1880 539 1918 differrent.
598 1881 712 1917 Haec
747 1880 853 1917 enim
887 1886 946 1917 est
977 1892 1059 1917 non
1088 1880 1296 1917 verborum
1326 1891 1454 1928 parva,
1486 1880 1555 1917 sed

159 1956 287 1982 rerum
324 1956 534 1994 permagna
571 1945 772 1982 dissensio.
832 1944 980 1981 Verum
1017 1943 1094 1981 hoc
1132 1944 1223 1980 alias
1238 1957 1249 1990 3
1291 1956 1408 1988 nunc,
1448 1944 1554 1992 quod
1574 1956 1605 1982 17

161 2010 373 2058 coepimus,
404 2010 434 2046 si
461 2009 623 2046 videtur.
681 2009 779 2046 Mihi
809 2021 914 2055 vero,
948 2009 1072 2057 inquit
1103 2008 1230 2053 Cotta,
1260 2008 1422 2045 videtur.
1479 2008 1556 2046 Sed

159 2080 201 2111 ut
224 2074 298 2119 hic,
319 2074 385 2122 qui
404 2074 618 2119 intervenit,
646 2073 729 2123 (me
744 2073 936 2121 intuens),
957 2085 1006 2110 ne
1031 2073 1191 2121 ignoret,
1213 2085 1312 2121 quae
1332 2084 1392 2109 res
1412 2079 1554 2121 agatur,

110 2151 144 2176 30
161 2137 211 2174 de
240 2146 374 2175 natura
403 2139 612 2186 agebamus
642 2137 818 2183 deorum,
839 2149 939 2185 quae
970 2149 1061 2174 cum
1090 2137 1184 2173 mihi
1205 2136 1397 2173 videretur
1416 2137 1554 2184 perob-

160 2213 280 2248 scura,
315 2210 357 2239 ut
389 2215 544 2251 semper
574 2201 696 2239 videri
729 2202 839 2247 solet,
875 2202 1034 2250 Epicuri
1072 2213 1120 2238 ex
1152 2201 1301 2238 Velleio
1336 2201 1557 2238 sciscitabar

159 2268 403 2304 sententiam.
461 2267 591 2315 Quam
620 2267 672 2304 ob
700 2278 795 2311 rem,
825 2266 961 2313 inquit,
991 2265 1126 2310 Vellei,
1148 2265 1220 2301 nisi
1249 2265 1455 2301 molestum
1485 2272 1553 2310 est,

159 2338 303 2378 repete,
331 2343 430 2379 quae
459 2343 657 2379 coeperas.
714 2331 907 2378 Repetam
936 2341 1040 2374 vero,
1070 2341 1308 2376 quamquam
1338 2341 1417 2365 non
1447 2329 1552 2374 mihi,

160 2393 230 2431 sed
267 2395 335 2432 tibi
372 2394 436 2431 hic
468 2395 574 2431 venit
610 2394 789 2439 adiutor;
819 2393 934 2430 ambo
968 2393 1085 2438 enim,
1120 2393 1243 2441 inquit
1280 2392 1473 2438 adridens,
1505 2393 1554 2430 ab

111 2474 142 2498 35
160 2457 302 2495 eodem
322 2458 483 2496 Philone
501 2458 596 2495 nihil
621 2458 718 2495 scire
738 2457 938 2495 didicistis.
993 2458 1097 2494 Tum
1117 2468 1190 2505 ego
1207 2471 1214 2494 :
1247 2456 1353 2504 Quid
1373 2456 1552 2494 didiceri-
