<?xml version="1.0" encoding="UTF-8"?>
<!DOCTYPE html PUBLIC "-//W3C//DTD XHTML 1.0 Transitional//EN"
    "http://www.w3.org/TR/xhtml1/DTD/xhtml1-transitional.dtd">
<html xmlns="http://www.w3.org/1999/xhtml" xml:lang="en" lang="en">
 <head>
  <title>
</title>
<meta http-equiv="Content-Type" content="text/html;charset=utf-8" />
  <meta name='ocr-system' content='tesseract 3.04.00' />
  <meta name='ocr-capabilities' content='ocr_page ocr_carea ocr_par ocr_line ocrx_word'/>
</head>
<body>
  <div class='ocr_page' id='page_1' title='image "./denaturadeorumli00ciceuoft_0097.png"; bbox 0 0 1681 2752; ppageno 0'>
   <div class='ocr_carea' id='block_1_1' title="bbox 530 153 1511 196">
    <p class='ocr_par' dir='ltr' id='par_1_1' title="bbox 530 153 1511 196">
     <span class='ocr_line' id='line_1_1' title="bbox 530 153 1511 196; baseline -0.003 -11"><span class='ocrx_word' id='word_1_1' title='bbox 530 155 616 185; x_wconf 87' lang='lat' dir='ltr'>LIB.</span> <span class='ocrx_word' id='word_1_2' title='bbox 637 154 681 184; x_wconf 87' lang='lat'>11.</span> <span class='ocrx_word' id='word_1_3' title='bbox 727 153 808 184; x_wconf 72' lang='lat' dir='ltr'><strong>CAP.</strong></span> <span class='ocrx_word' id='word_1_4' title='bbox 828 153 852 190; x_wconf 89' lang='grc' dir='ltr'>Ι,</span> <span class='ocrx_word' id='word_1_5' title='bbox 872 153 916 184; x_wconf 94' lang='lat'>11.</span> <span class='ocrx_word' id='word_1_6' title='bbox 963 154 1002 193; x_wconf 63' lang='grc' dir='ltr'>ἕξ</span> <span class='ocrx_word' id='word_1_7' title='bbox 1025 161 1095 195; x_wconf 86' lang='lat'>1-5.</span> <span class='ocrx_word' id='word_1_8' title='bbox 1457 154 1511 196; x_wconf 86' lang='lat'>79</span> 
     </span>
    </p>
   </div>
   <div class='ocr_carea' id='block_1_2' title="bbox 64 254 1514 1253">
    <p class='ocr_par' dir='ltr' id='par_1_2' title="bbox 64 254 1513 880">
     <span class='ocr_line' id='line_1_2' title="bbox 113 254 1511 302; baseline -0.002 -9"><span class='ocrx_word' id='word_1_9' title='bbox 113 256 278 294; x_wconf 86' lang='lat' dir='ltr'>Balbus:</span> <span class='ocrx_word' id='word_1_10' title='bbox 309 256 452 294; x_wconf 90' lang='lat' dir='ltr'>Geram</span> <span class='ocrx_word' id='word_1_11' title='bbox 472 255 540 292; x_wconf 92' lang='lat' dir='ltr'>tibi</span> <span class='ocrx_word' id='word_1_12' title='bbox 561 266 709 292; x_wconf 91' lang='lat' dir='ltr'>morem</span> <span class='ocrx_word' id='word_1_13' title='bbox 734 262 771 291; x_wconf 91' lang='lat' dir='ltr'>et</span> <span class='ocrx_word' id='word_1_14' title='bbox 798 266 910 302; x_wconf 87' lang='lat' dir='ltr'>agam</span> <span class='ocrx_word' id='word_1_15' title='bbox 939 266 1055 302; x_wconf 91' lang='lat' dir='ltr'>quam</span> <span class='ocrx_word' id='word_1_16' title='bbox 1086 254 1318 291; x_wconf 82' lang='lat' dir='ltr'>brevissume</span> <span class='ocrx_word' id='word_1_17' title='bbox 1349 261 1485 302; x_wconf 90' lang='lat' dir='ltr'>potero</span> <span class='ocrx_word' id='word_1_18' title='bbox 1501 269 1511 301; x_wconf 89' lang='lat'>;</span> 
     </span>
     <span class='ocr_line' id='line_1_3' title="bbox 113 318 1510 367; baseline -0.001 -11"><span class='ocrx_word' id='word_1_19' title='bbox 113 321 257 357; x_wconf 83' lang='lat' dir='ltr'>etenim</span> <span class='ocrx_word' id='word_1_20' title='bbox 288 320 474 356; x_wconf 90' lang='lat' dir='ltr'>convictis</span> <span class='ocrx_word' id='word_1_21' title='bbox 505 319 663 367; x_wconf 88' lang='lat' dir='ltr'>Epicuri</span> <span class='ocrx_word' id='word_1_22' title='bbox 693 319 880 355; x_wconf 89' lang='lat' dir='ltr'>erroribus</span> <span class='ocrx_word' id='word_1_23' title='bbox 910 318 1024 366; x_wconf 84' lang='lat' dir='ltr'>longa</span> <span class='ocrx_word' id='word_1_24' title='bbox 1053 318 1102 354; x_wconf 91' lang='lat' dir='ltr'>de</span> <span class='ocrx_word' id='word_1_25' title='bbox 1134 331 1221 354; x_wconf 90' lang='lat' dir='ltr'>mea</span> <span class='ocrx_word' id='word_1_26' title='bbox 1250 318 1510 366; x_wconf 88' lang='lat' dir='ltr'>disputatione</span> 
     </span>
     <span class='ocr_line' id='line_1_4' title="bbox 113 382 1511 420; baseline -0.001 0"><span class='ocrx_word' id='word_1_27' title='bbox 113 383 285 420; x_wconf 84' lang='lat' dir='ltr'>detracta</span> <span class='ocrx_word' id='word_1_28' title='bbox 304 384 424 420; x_wconf 90' lang='lat' dir='ltr'>oratio</span> <span class='ocrx_word' id='word_1_29' title='bbox 445 390 512 420; x_wconf 93' lang='lat' dir='ltr'>est.</span> <span class='ocrx_word' id='word_1_30' title='bbox 571 383 744 420; x_wconf 87' lang='lat' dir='ltr'>Omnino</span> <span class='ocrx_word' id='word_1_31' title='bbox 775 382 951 419; x_wconf 82' lang='lat' dir='ltr'>dividunt</span> <span class='ocrx_word' id='word_1_32' title='bbox 972 383 1088 418; x_wconf 86' lang='lat' dir='ltr'>nostri</span> <span class='ocrx_word' id='word_1_33' title='bbox 1110 389 1230 418; x_wconf 85' lang='lat' dir='ltr'>totam</span> <span class='ocrx_word' id='word_1_34' title='bbox 1252 383 1361 418; x_wconf 77' lang='lat' dir='ltr'>istam</span> <span class='ocrx_word' id='word_1_35' title='bbox 1383 382 1431 418; x_wconf 91' lang='lat' dir='ltr'>de</span> <span class='ocrx_word' id='word_1_36' title='bbox 1453 382 1511 419; x_wconf 91' lang='lat' dir='ltr'>dis</span> 
     </span>
     <span class='ocr_line' id='line_1_5' title="bbox 113 446 1513 495; baseline -0.001 -11"><span class='ocrx_word' id='word_1_37' title='bbox 113 448 376 485; x_wconf 85' lang='lat' dir='ltr'>inmortalibus</span> <span class='ocrx_word' id='word_1_38' title='bbox 405 447 671 495; x_wconf 86' lang='lat' dir='ltr'>quaestionem</span> <span class='ocrx_word' id='word_1_39' title='bbox 702 447 739 483; x_wconf 91' lang='lat' dir='ltr'>in</span> <span class='ocrx_word' id='word_1_40' title='bbox 769 447 885 494; x_wconf 85' lang='lat' dir='ltr'>partis</span> <span class='ocrx_word' id='word_1_41' title='bbox 915 454 1106 494; x_wconf 87' lang='lat' dir='ltr'>quattuor.</span> <span class='ocrx_word' id='word_1_42' title='bbox 1167 447 1335 483; x_wconf 89' lang='lat' dir='ltr'>Primum</span> <span class='ocrx_word' id='word_1_43' title='bbox 1367 446 1513 483; x_wconf 83' lang='lat' dir='ltr'>docent</span> 
     </span>
     <span class='ocr_line' id='line_1_6' title="bbox 71 510 1511 559; baseline -0.001 -11"><span class='ocrx_word' id='word_1_44' title='bbox 71 525 85 548; x_wconf 88' lang='lat' dir='ltr'>s</span> <span class='ocrx_word' id='word_1_45' title='bbox 113 523 196 548; x_wconf 87' lang='lat' dir='ltr'>esse</span> <span class='ocrx_word' id='word_1_46' title='bbox 217 511 324 557; x_wconf 85' lang='lat' dir='ltr'>deos,</span> <span class='ocrx_word' id='word_1_47' title='bbox 346 511 489 548; x_wconf 83' lang='lat' dir='ltr'>deinde</span> <span class='ocrx_word' id='word_1_48' title='bbox 510 511 642 559; x_wconf 89' lang='lat' dir='ltr'>quales</span> <span class='ocrx_word' id='word_1_49' title='bbox 663 511 748 555; x_wconf 84' lang='lat' dir='ltr'>sint,</span> <span class='ocrx_word' id='word_1_50' title='bbox 770 519 851 547; x_wconf 91' lang='lat' dir='ltr'>tum</span> <span class='ocrx_word' id='word_1_51' title='bbox 876 510 1064 547; x_wconf 89' lang='lat' dir='ltr'>mundum</span> <span class='ocrx_word' id='word_1_52' title='bbox 1096 511 1144 548; x_wconf 88' lang='lat' dir='ltr'>ab</span> <span class='ocrx_word' id='word_1_53' title='bbox 1175 511 1216 547; x_wconf 92' lang='lat' dir='ltr'>iis</span> <span class='ocrx_word' id='word_1_54' title='bbox 1246 510 1511 555; x_wconf 85' lang='lat' dir='ltr'>administrari,</span> 
     </span>
     <span class='ocr_line' id='line_1_7' title="bbox 112 574 1513 623; baseline -0.001 -12"><span class='ocrx_word' id='word_1_55' title='bbox 112 582 308 623; x_wconf 79' lang='lat' dir='ltr'>postremo</span> <span class='ocrx_word' id='word_1_56' title='bbox 358 575 557 612; x_wconf 89' lang='lat' dir='ltr'>consulere</span> <span class='ocrx_word' id='word_1_57' title='bbox 608 587 674 611; x_wconf 92' lang='lat' dir='ltr'>eos</span> <span class='ocrx_word' id='word_1_58' title='bbox 723 575 835 611; x_wconf 90' lang='lat' dir='ltr'>rebus</span> <span class='ocrx_word' id='word_1_59' title='bbox 878 574 1066 611; x_wconf 82' lang='lat' dir='ltr'>humanis.</span> <span class='ocrx_word' id='word_1_60' title='bbox 1136 575 1220 611; x_wconf 75' lang='lat' dir='ltr'>Nos</span> <span class='ocrx_word' id='word_1_61' title='bbox 1259 583 1389 611; x_wconf 86' lang='lat' dir='ltr'>autem</span> <span class='ocrx_word' id='word_1_62' title='bbox 1438 575 1513 611; x_wconf 83' lang='lat' dir='ltr'>hoc</span> 
     </span>
     <span class='ocr_line' id='line_1_8' title="bbox 112 639 1510 687; baseline 0 -12"><span class='ocrx_word' id='word_1_63' title='bbox 112 651 302 684; x_wconf 84' lang='lat' dir='ltr'>sermone,</span> <span class='ocrx_word' id='word_1_64' title='bbox 323 651 423 687; x_wconf 85' lang='lat' dir='ltr'>quae</span> <span class='ocrx_word' id='word_1_65' title='bbox 443 639 570 687; x_wconf 90' lang='lat' dir='ltr'>priora</span> <span class='ocrx_word' id='word_1_66' title='bbox 591 639 671 676; x_wconf 93' lang='lat' dir='ltr'>duo</span> <span class='ocrx_word' id='word_1_67' title='bbox 691 646 791 683; x_wconf 89' lang='lat' dir='ltr'>sunt,</span> <span class='ocrx_word' id='word_1_68' title='bbox 819 651 1014 675; x_wconf 85' lang='lat' dir='ltr'>sumamus</span> <span class='ocrx_word' id='word_1_69' title='bbox 1031 653 1040 684; x_wconf 78' lang='lat'>3</span> <span class='ocrx_word' id='word_1_70' title='bbox 1071 639 1224 675; x_wconf 90' lang='lat' dir='ltr'>tertium</span> <span class='ocrx_word' id='word_1_71' title='bbox 1254 646 1292 675; x_wconf 93' lang='lat' dir='ltr'>et</span> <span class='ocrx_word' id='word_1_72' title='bbox 1321 646 1510 686; x_wconf 86' lang='lat' dir='ltr'>quartum,</span> 
     </span>
     <span class='ocr_line' id='line_1_9' title="bbox 112 701 1512 752; baseline -0.001 -12"><span class='ocrx_word' id='word_1_73' title='bbox 112 701 203 752; x_wconf 85' lang='lat' dir='ltr'>quia</span> <span class='ocrx_word' id='word_1_74' title='bbox 231 704 375 740; x_wconf 82' lang='lat' dir='ltr'>maiora</span> <span class='ocrx_word' id='word_1_75' title='bbox 403 710 503 748; x_wconf 86' lang='lat' dir='ltr'>sunt,</span> <span class='ocrx_word' id='word_1_76' title='bbox 534 710 628 752; x_wconf 88' lang='lat' dir='ltr'>puto</span> <span class='ocrx_word' id='word_1_77' title='bbox 656 715 739 739; x_wconf 85' lang='lat' dir='ltr'>esse</span> <span class='ocrx_word' id='word_1_78' title='bbox 761 704 798 740; x_wconf 89' lang='lat' dir='ltr'>in</span> <span class='ocrx_word' id='word_1_79' title='bbox 819 703 922 739; x_wconf 84' lang='lat' dir='ltr'>aliud</span> <span class='ocrx_word' id='word_1_80' title='bbox 942 710 1096 751; x_wconf 90' lang='lat' dir='ltr'>tempus</span> <span class='ocrx_word' id='word_1_81' title='bbox 1116 703 1339 740; x_wconf 82' lang='lat' dir='ltr'>disserenda.</span> <span class='ocrx_word' id='word_1_82' title='bbox 1399 703 1512 740; x_wconf 82' lang='lat' dir='ltr'>Mini-</span> 
     </span>
     <span class='ocr_line' id='line_1_10' title="bbox 112 766 1513 815; baseline 0.001 -12"><span class='ocrx_word' id='word_1_83' title='bbox 112 779 175 803; x_wconf 87' lang='lat' dir='ltr'>me</span> <span class='ocrx_word' id='word_1_84' title='bbox 209 779 312 812; x_wconf 86' lang='lat' dir='ltr'>vero,</span> <span class='ocrx_word' id='word_1_85' title='bbox 347 767 471 815; x_wconf 92' lang='lat' dir='ltr'>inquit</span> <span class='ocrx_word' id='word_1_86' title='bbox 502 768 643 813; x_wconf 76' lang='lat' dir='ltr'>Cotta3</span> <span class='ocrx_word' id='word_1_87' title='bbox 674 780 762 803; x_wconf 87' lang='lat' dir='ltr'>nam</span> <span class='ocrx_word' id='word_1_88' title='bbox 794 774 832 804; x_wconf 89' lang='lat' dir='ltr'>et</span> <span class='ocrx_word' id='word_1_89' title='bbox 863 768 974 804; x_wconf 90' lang='lat' dir='ltr'>otiosi</span> <span class='ocrx_word' id='word_1_90' title='bbox 1005 779 1137 804; x_wconf 75' lang='lat' dir='ltr'>sumus</span> <span class='ocrx_word' id='word_1_91' title='bbox 1171 775 1209 804; x_wconf 89' lang='lat' dir='ltr'>et</span> <span class='ocrx_word' id='word_1_92' title='bbox 1241 768 1283 804; x_wconf 92' lang='lat' dir='ltr'>iis</span> <span class='ocrx_word' id='word_1_93' title='bbox 1315 766 1364 804; x_wconf 92' lang='lat' dir='ltr'>de</span> <span class='ocrx_word' id='word_1_94' title='bbox 1398 767 1513 804; x_wconf 90' lang='lat' dir='ltr'>rebus</span> 
     </span>
     <span class='ocr_line' id='line_1_11' title="bbox 64 831 1154 880; baseline 0 -12"><span class='ocrx_word' id='word_1_95' title='bbox 64 848 96 864; x_wconf 88' lang='lat'>10</span> <span class='ocrx_word' id='word_1_96' title='bbox 113 832 272 879; x_wconf 85' lang='lat' dir='ltr'>agimus,</span> <span class='ocrx_word' id='word_1_97' title='bbox 293 844 392 880; x_wconf 89' lang='lat' dir='ltr'>quae</span> <span class='ocrx_word' id='word_1_98' title='bbox 413 838 500 868; x_wconf 90' lang='lat' dir='ltr'>sunt</span> <span class='ocrx_word' id='word_1_99' title='bbox 521 832 637 868; x_wconf 87' lang='lat' dir='ltr'>etiam</span> <span class='ocrx_word' id='word_1_100' title='bbox 658 832 820 879; x_wconf 86' lang='lat' dir='ltr'>negotiis</span> <span class='ocrx_word' id='word_1_101' title='bbox 841 831 1154 879; x_wconf 81' lang='lat' dir='ltr'>anteponendae.</span> 
     </span>
    </p>

    <p class='ocr_par' dir='ltr' id='par_1_3' title="bbox 113 895 1514 1136">
     <span class='ocr_line' id='line_1_12' title="bbox 165 895 1514 944; baseline -0.001 -12"><span class='ocrx_word' id='word_1_102' title='bbox 165 896 266 932; x_wconf 91' lang='lat' dir='ltr'>Tum</span> <span class='ocrx_word' id='word_1_103' title='bbox 303 896 495 932; x_wconf 85' lang='lat' dir='ltr'>Lucilius:</span> <span class='ocrx_word' id='word_1_104' title='bbox 539 896 600 932; x_wconf 90' lang='lat' dir='ltr'>Ne</span> <span class='ocrx_word' id='word_1_105' title='bbox 631 907 743 944; x_wconf 86' lang='lat' dir='ltr'>egere</span> <span class='ocrx_word' id='word_1_106' title='bbox 777 895 936 943; x_wconf 90' lang='lat' dir='ltr'>quidem</span> <span class='ocrx_word' id='word_1_107' title='bbox 970 895 1132 941; x_wconf 79' lang='lat' dir='ltr'>videtur,</span> <span class='ocrx_word' id='word_1_108' title='bbox 1171 896 1305 943; x_wconf 89' lang='lat' dir='ltr'>inquit,</span> <span class='ocrx_word' id='word_1_109' title='bbox 1342 899 1514 932; x_wconf 90' lang='lat' dir='ltr'>oratione</span> 
     </span>
     <span class='ocr_line' id='line_1_13' title="bbox 113 959 1513 1008; baseline 0 -12"><span class='ocrx_word' id='word_1_110' title='bbox 113 960 236 1008; x_wconf 88' lang='lat' dir='ltr'>prima</span> <span class='ocrx_word' id='word_1_111' title='bbox 278 971 376 1008; x_wconf 83' lang='lat' dir='ltr'>pars.</span> <span class='ocrx_word' id='word_1_112' title='bbox 435 959 543 1007; x_wconf 89' lang='lat' dir='ltr'>Quid</span> <span class='ocrx_word' id='word_1_113' title='bbox 589 961 693 996; x_wconf 89' lang='lat' dir='ltr'>enim</span> <span class='ocrx_word' id='word_1_114' title='bbox 733 967 861 1008; x_wconf 91' lang='lat' dir='ltr'>potest</span> <span class='ocrx_word' id='word_1_115' title='bbox 903 972 986 996; x_wconf 89' lang='lat' dir='ltr'>esse</span> <span class='ocrx_word' id='word_1_116' title='bbox 1025 968 1104 996; x_wconf 86' lang='lat' dir='ltr'>tam</span> <span class='ocrx_word' id='word_1_117' title='bbox 1142 968 1318 1008; x_wconf 89' lang='lat' dir='ltr'>apertum</span> <span class='ocrx_word' id='word_1_118' title='bbox 1356 967 1513 1008; x_wconf 92' lang='lat' dir='ltr'>tamque</span> 
     </span>
     <span class='ocr_line' id='line_1_14' title="bbox 113 1024 1514 1072; baseline 0 -12"><span class='ocrx_word' id='word_1_119' title='bbox 113 1024 374 1072; x_wconf 87' lang='lat' dir='ltr'>perspicuum,</span> <span class='ocrx_word' id='word_1_120' title='bbox 406 1035 496 1060; x_wconf 91' lang='lat' dir='ltr'>cum</span> <span class='ocrx_word' id='word_1_121' title='bbox 526 1024 678 1060; x_wconf 85' lang='lat' dir='ltr'>caelum</span> <span class='ocrx_word' id='word_1_122' title='bbox 707 1024 947 1072; x_wconf 84' lang='lat' dir='ltr'>suspeximus</span> <span class='ocrx_word' id='word_1_123' title='bbox 977 1024 1234 1072; x_wconf 89' lang='lat' dir='ltr'>caelestiaque</span> <span class='ocrx_word' id='word_1_124' title='bbox 1263 1024 1514 1071; x_wconf 88' lang='lat' dir='ltr'>contemplati</span> 
     </span>
     <span class='ocr_line' id='line_1_15' title="bbox 114 1087 1514 1136; baseline 0 -12"><span class='ocrx_word' id='word_1_125' title='bbox 114 1099 256 1132; x_wconf 90' lang='lat' dir='ltr'>sumus,</span> <span class='ocrx_word' id='word_1_126' title='bbox 278 1100 396 1136; x_wconf 90' lang='lat' dir='ltr'>quam</span> <span class='ocrx_word' id='word_1_127' title='bbox 416 1100 499 1125; x_wconf 90' lang='lat' dir='ltr'>esse</span> <span class='ocrx_word' id='word_1_128' title='bbox 521 1087 678 1136; x_wconf 86' lang='lat' dir='ltr'>aliquod</span> <span class='ocrx_word' id='word_1_129' title='bbox 699 1100 845 1124; x_wconf 89' lang='lat' dir='ltr'>numen</span> <span class='ocrx_word' id='word_1_130' title='bbox 874 1089 1223 1135; x_wconf 87' lang='lat' dir='ltr'>praestantissimae</span> <span class='ocrx_word' id='word_1_131' title='bbox 1253 1089 1405 1132; x_wconf 87' lang='lat' dir='ltr'>mentis,</span> <span class='ocrx_word' id='word_1_132' title='bbox 1436 1099 1514 1135; x_wconf 91' lang='lat' dir='ltr'>quo</span> 
     </span>
    </p>

    <p class='ocr_par' dir='ltr' id='par_1_4' title="bbox 65 1151 1513 1253">
     <span class='ocr_line' id='line_1_16' title="bbox 65 1151 1513 1201; baseline -0.001 -12"><span class='ocrx_word' id='word_1_133' title='bbox 65 1167 95 1190; x_wconf 73' lang='grc' dir='ltr'>ιε</span> <span class='ocrx_word' id='word_1_134' title='bbox 115 1152 211 1188; x_wconf 86' lang='lat' dir='ltr'>haec</span> <span class='ocrx_word' id='word_1_135' title='bbox 239 1153 447 1200; x_wconf 86' lang='lat' dir='ltr'>regantur?</span> <span class='ocrx_word' id='word_1_136' title='bbox 503 1151 623 1199; x_wconf 89' lang='lat' dir='ltr'>Quod</span> <span class='ocrx_word' id='word_1_137' title='bbox 652 1152 690 1189; x_wconf 90' lang='lat' dir='ltr'>ni</span> <span class='ocrx_word' id='word_1_138' title='bbox 721 1152 773 1188; x_wconf 86' lang='lat' dir='ltr'>ita</span> <span class='ocrx_word' id='word_1_139' title='bbox 801 1159 913 1197; x_wconf 87' lang='lat' dir='ltr'>esset,</span> <span class='ocrx_word' id='word_1_140' title='bbox 935 1152 1001 1200; x_wconf 87' lang='lat' dir='ltr'>qui</span> <span class='ocrx_word' id='word_1_141' title='bbox 1029 1153 1215 1201; x_wconf 91' lang='lat' dir='ltr'>potuisset</span> <span class='ocrx_word' id='word_1_142' title='bbox 1244 1152 1412 1188; x_wconf 85' lang='lat' dir='ltr'>adsensu</span> <span class='ocrx_word' id='word_1_143' title='bbox 1431 1164 1513 1188; x_wconf 92' lang='lat' dir='ltr'>orn-</span> 
     </span>
     <span class='ocr_line' id='line_1_17' title="bbox 114 1215 566 1253; baseline 0.002 -1"><span class='ocrx_word' id='word_1_144' title='bbox 114 1216 221 1253; x_wconf 91' lang='lat' dir='ltr'>nium</span> <span class='ocrx_word' id='word_1_145' title='bbox 241 1215 371 1253; x_wconf 87' lang='lat' dir='ltr'>dicere</span> <span class='ocrx_word' id='word_1_146' title='bbox 394 1216 542 1253; x_wconf 89' lang='lat' dir='ltr'>Ennius</span> <span class='ocrx_word' id='word_1_147' title='bbox 559 1230 566 1252; x_wconf 91' lang='lat'>:</span> 
     </span>
    </p>
   </div>
   <div class='ocr_carea' id='block_1_3' title="bbox 167 1313 1517 1423">
    <p class='ocr_par' dir='ltr' id='par_1_5' title="bbox 167 1313 1517 1423">
     <span class='ocr_line' id='line_1_18' title="bbox 167 1313 1517 1362; baseline -0.001 -11"><span class='ocrx_word' id='word_1_148' title='bbox 167 1314 346 1362; x_wconf 89' lang='lat' dir='ltr'>Aspice</span> <span class='ocrx_word' id='word_1_149' title='bbox 399 1313 491 1351; x_wconf 91' lang='lat' dir='ltr'>hoc</span> <span class='ocrx_word' id='word_1_150' title='bbox 544 1314 749 1351; x_wconf 88' lang='lat' dir='ltr'>sublime</span> <span class='ocrx_word' id='word_1_151' title='bbox 801 1313 1036 1360; x_wconf 88' lang='lat' dir='ltr'>candens,</span> <span class='ocrx_word' id='word_1_152' title='bbox 1090 1326 1229 1362; x_wconf 90' lang='lat' dir='ltr'>quem</span> <span class='ocrx_word' id='word_1_153' title='bbox 1286 1316 1517 1351; x_wconf 85' lang='lat' dir='ltr'>invocant</span> 
     </span>
     <span class='ocr_line' id='line_1_19' title="bbox 1028 1379 1408 1423; baseline -0.003 -8"><span class='ocrx_word' id='word_1_154' title='bbox 1028 1380 1195 1415; x_wconf 78' lang='lat' dir='ltr'>omnes</span> <span class='ocrx_word' id='word_1_155' title='bbox 1227 1379 1408 1423; x_wconf 90' lang='lat' dir='ltr'>Iovem,</span> 
     </span>
    </p>
   </div>
   <div class='ocr_carea' id='block_1_4' title="bbox 65 1475 1517 1589">
    <p class='ocr_par' dir='ltr' id='par_1_6' title="bbox 65 1475 1517 1589">
     <span class='ocr_line' id='line_1_20' title="bbox 114 1475 1517 1514; baseline -0.001 -1"><span class='ocrx_word' id='word_1_156' title='bbox 114 1475 220 1513; x_wconf 88' lang='lat' dir='ltr'>illum</span> <span class='ocrx_word' id='word_1_157' title='bbox 257 1488 348 1513; x_wconf 91' lang='lat' dir='ltr'>vero</span> <span class='ocrx_word' id='word_1_158' title='bbox 385 1483 424 1513; x_wconf 92' lang='lat' dir='ltr'>et</span> <span class='ocrx_word' id='word_1_159' title='bbox 457 1477 592 1514; x_wconf 90' lang='lat' dir='ltr'>Iovem</span> <span class='ocrx_word' id='word_1_160' title='bbox 630 1484 668 1513; x_wconf 93' lang='lat' dir='ltr'>et</span> <span class='ocrx_word' id='word_1_161' title='bbox 703 1475 988 1513; x_wconf 83' lang='lat' dir='ltr'>dominatorem</span> <span class='ocrx_word' id='word_1_162' title='bbox 1022 1488 1149 1513; x_wconf 91' lang='lat' dir='ltr'>rerum</span> <span class='ocrx_word' id='word_1_163' title='bbox 1185 1483 1223 1512; x_wconf 88' lang='lat' dir='ltr'>et</span> <span class='ocrx_word' id='word_1_164' title='bbox 1257 1476 1388 1513; x_wconf 89' lang='lat' dir='ltr'>omnia</span> <span class='ocrx_word' id='word_1_165' title='bbox 1421 1482 1517 1512; x_wconf 90' lang='lat' dir='ltr'>nutu</span> 
     </span>
     <span class='ocr_line' id='line_1_21' title="bbox 65 1541 755 1589; baseline 0.004 -14"><span class='ocrx_word' id='word_1_166' title='bbox 65 1557 98 1574; x_wconf 88' lang='lat'>20</span> <span class='ocrx_word' id='word_1_167' title='bbox 114 1547 314 1589; x_wconf 86' lang='lat' dir='ltr'>regentem</span> <span class='ocrx_word' id='word_1_168' title='bbox 334 1547 385 1587; x_wconf 89' lang='lat' dir='ltr'>et,</span> <span class='ocrx_word' id='word_1_169' title='bbox 405 1548 447 1578; x_wconf 90' lang='lat' dir='ltr'>ut</span> <span class='ocrx_word' id='word_1_170' title='bbox 467 1541 572 1578; x_wconf 87' lang='lat' dir='ltr'>idem</span> <span class='ocrx_word' id='word_1_171' title='bbox 594 1541 755 1587; x_wconf 87' lang='lat' dir='ltr'>Ennius,</span> 
     </span>
    </p>
   </div>
   <div class='ocr_carea' id='block_1_5' title="bbox 381 1638 1249 1687">
    <p class='ocr_par' dir='ltr' id='par_1_7' title="bbox 381 1638 1249 1687">
     <span class='ocr_line' id='line_1_22' title="bbox 381 1638 1249 1687; baseline 0 -13"><span class='ocrx_word' id='word_1_172' title='bbox 381 1645 567 1687; x_wconf 87' lang='lat' dir='ltr'>patrem</span> <span class='ocrx_word' id='word_1_173' title='bbox 605 1638 867 1687; x_wconf 89' lang='lat' dir='ltr'>divumque</span> <span class='ocrx_word' id='word_1_174' title='bbox 907 1638 1249 1686; x_wconf 87' lang='lat' dir='ltr'>hominumque</span> 
     </span>
    </p>
   </div>
   <div class='ocr_carea' id='block_1_6' title="bbox 66 1734 1519 2491">
    <p class='ocr_par' dir='ltr' id='par_1_8' title="bbox 66 1734 1519 2491">
     <span class='ocr_line' id='line_1_23' title="bbox 115 1734 1515 1785; baseline -0.001 -12"><span class='ocrx_word' id='word_1_175' title='bbox 115 1743 153 1773; x_wconf 90' lang='lat' dir='ltr'>et</span> <span class='ocrx_word' id='word_1_176' title='bbox 185 1744 431 1785; x_wconf 90' lang='lat' dir='ltr'>praesentem</span> <span class='ocrx_word' id='word_1_177' title='bbox 469 1748 514 1773; x_wconf 90' lang='lat' dir='ltr'>ac</span> <span class='ocrx_word' id='word_1_178' title='bbox 554 1742 850 1784; x_wconf 87' lang='lat' dir='ltr'>praepotentem</span> <span class='ocrx_word' id='word_1_179' title='bbox 890 1735 1037 1772; x_wconf 83' lang='lat' dir='ltr'>deum?</span> <span class='ocrx_word' id='word_1_180' title='bbox 1092 1735 1211 1783; x_wconf 89' lang='lat' dir='ltr'>Quod</span> <span class='ocrx_word' id='word_1_181' title='bbox 1249 1736 1314 1783; x_wconf 91' lang='lat' dir='ltr'>qui</span> <span class='ocrx_word' id='word_1_182' title='bbox 1353 1734 1515 1779; x_wconf 89' lang='lat' dir='ltr'>dubitet,</span> 
     </span>
     <span class='ocr_line' id='line_1_24' title="bbox 115 1798 1517 1848; baseline -0.001 -11"><span class='ocrx_word' id='word_1_183' title='bbox 115 1800 220 1837; x_wconf 92' lang='lat' dir='ltr'>haud</span> <span class='ocrx_word' id='word_1_184' title='bbox 241 1813 333 1838; x_wconf 88' lang='lat' dir='ltr'>sane</span> <span class='ocrx_word' id='word_1_185' title='bbox 355 1801 546 1848; x_wconf 83' lang='lat' dir='ltr'>intellego,</span> <span class='ocrx_word' id='word_1_186' title='bbox 568 1813 637 1837; x_wconf 89' lang='lat' dir='ltr'>cur</span> <span class='ocrx_word' id='word_1_187' title='bbox 656 1813 736 1837; x_wconf 90' lang='lat' dir='ltr'>non</span> <span class='ocrx_word' id='word_1_188' title='bbox 757 1800 874 1845; x_wconf 87' lang='lat' dir='ltr'>idem,</span> <span class='ocrx_word' id='word_1_189' title='bbox 895 1801 953 1837; x_wconf 91' lang='lat' dir='ltr'>sol</span> <span class='ocrx_word' id='word_1_190' title='bbox 982 1801 1029 1837; x_wconf 87' lang='lat' dir='ltr'>sit</span> <span class='ocrx_word' id='word_1_191' title='bbox 1047 1812 1096 1836; x_wconf 89' lang='lat' dir='ltr'>an</span> <span class='ocrx_word' id='word_1_192' title='bbox 1116 1800 1240 1836; x_wconf 90' lang='lat' dir='ltr'>nullus</span> <span class='ocrx_word' id='word_1_193' title='bbox 1262 1800 1320 1844; x_wconf 85' lang='lat' dir='ltr'>sit,</span> <span class='ocrx_word' id='word_1_194' title='bbox 1342 1798 1517 1835; x_wconf 85' lang='lat' dir='ltr'>dubitare</span> 
     </span>
     <span class='ocr_line' id='line_1_25' title="bbox 115 1864 1516 1914; baseline -0.001 -12"><span class='ocrx_word' id='word_1_195' title='bbox 115 1865 247 1914; x_wconf 87' lang='lat' dir='ltr'>possit.</span> <span class='ocrx_word' id='word_1_196' title='bbox 305 1865 380 1913; x_wconf 89' lang='lat' dir='ltr'>Qui</span> <span class='ocrx_word' id='word_1_197' title='bbox 403 1867 506 1902; x_wconf 91' lang='lat' dir='ltr'>enim</span> <span class='ocrx_word' id='word_1_198' title='bbox 527 1872 584 1902; x_wconf 91' lang='lat' dir='ltr'>est</span> <span class='ocrx_word' id='word_1_199' title='bbox 605 1865 680 1902; x_wconf 92' lang='lat' dir='ltr'>hoc</span> <span class='ocrx_word' id='word_1_200' title='bbox 701 1866 764 1902; x_wconf 93' lang='lat' dir='ltr'>illo</span> <span class='ocrx_word' id='word_1_201' title='bbox 786 1865 1030 1902; x_wconf 81' lang='lat' dir='ltr'>evidentius?</span> <span class='ocrx_word' id='word_1_202' title='bbox 1086 1864 1206 1912; x_wconf 86' lang='lat' dir='ltr'>Quod</span> <span class='ocrx_word' id='word_1_203' title='bbox 1226 1865 1297 1900; x_wconf 89' lang='lat' dir='ltr'>nisi</span> <span class='ocrx_word' id='word_1_204' title='bbox 1319 1865 1516 1912; x_wconf 83' lang='lat' dir='ltr'>cognitum</span> 
     </span>
     <span class='ocr_line' id='line_1_26' title="bbox 66 1928 1516 1977; baseline -0.002 -11"><span class='ocrx_word' id='word_1_205' title='bbox 66 1944 97 1968; x_wconf 81' lang='lat'>25</span> <span class='ocrx_word' id='word_1_206' title='bbox 116 1929 507 1977; x_wconf 88' lang='lat' dir='ltr'>conprehensumque</span> <span class='ocrx_word' id='word_1_207' title='bbox 542 1930 679 1966; x_wconf 88' lang='lat' dir='ltr'>animis</span> <span class='ocrx_word' id='word_1_208' title='bbox 718 1929 960 1975; x_wconf 89' lang='lat' dir='ltr'>haberemus,</span> <span class='ocrx_word' id='word_1_209' title='bbox 991 1941 1069 1966; x_wconf 95' lang='lat' dir='ltr'>non</span> <span class='ocrx_word' id='word_1_210' title='bbox 1105 1936 1182 1965; x_wconf 90' lang='lat' dir='ltr'>tam</span> <span class='ocrx_word' id='word_1_211' title='bbox 1212 1928 1354 1965; x_wconf 88' lang='lat' dir='ltr'>stabilis</span> <span class='ocrx_word' id='word_1_212' title='bbox 1384 1928 1516 1976; x_wconf 91' lang='lat' dir='ltr'>opinio</span> 
     </span>
     <span class='ocr_line' id='line_1_27' title="bbox 115 1993 1517 2042; baseline -0.001 -12"><span class='ocrx_word' id='word_1_213' title='bbox 115 2000 359 2042; x_wconf 89' lang='lat' dir='ltr'>permaneret</span> <span class='ocrx_word' id='word_1_214' title='bbox 392 2006 467 2030; x_wconf 90' lang='lat' dir='ltr'>nec</span> <span class='ocrx_word' id='word_1_215' title='bbox 501 1994 793 2031; x_wconf 88' lang='lat' dir='ltr'>confirmaretur</span> <span class='ocrx_word' id='word_1_216' title='bbox 825 1993 1074 2030; x_wconf 90' lang='lat' dir='ltr'>diuturnitate</span> <span class='ocrx_word' id='word_1_217' title='bbox 1108 1993 1292 2041; x_wconf 88' lang='lat' dir='ltr'>temporis</span> <span class='ocrx_word' id='word_1_218' title='bbox 1330 2004 1403 2029; x_wconf 87' lang='lat' dir='ltr'>nec</span> <span class='ocrx_word' id='word_1_219' title='bbox 1440 2004 1517 2028; x_wconf 91' lang='lat' dir='ltr'>una</span> 
     </span>
     <span class='ocr_line' id='line_1_28' title="bbox 116 2057 1517 2106; baseline -0.001 -12"><span class='ocrx_word' id='word_1_220' title='bbox 116 2070 207 2094; x_wconf 91' lang='lat' dir='ltr'>cum</span> <span class='ocrx_word' id='word_1_221' title='bbox 226 2057 360 2094; x_wconf 89' lang='lat' dir='ltr'>saeclis</span> <span class='ocrx_word' id='word_1_222' title='bbox 380 2058 646 2106; x_wconf 86' lang='lat' dir='ltr'>aetatibusque</span> <span class='ocrx_word' id='word_1_223' title='bbox 666 2058 868 2095; x_wconf 90' lang='lat' dir='ltr'>hominum</span> <span class='ocrx_word' id='word_1_224' title='bbox 888 2058 1088 2095; x_wconf 90' lang='lat' dir='ltr'>inveterari</span> <span class='ocrx_word' id='word_1_225' title='bbox 1103 2057 1303 2106; x_wconf 86' lang='lat' dir='ltr'>potuisset.</span> <span class='ocrx_word' id='word_1_226' title='bbox 1362 2057 1517 2093; x_wconf 90' lang='lat' dir='ltr'>Etenim</span> 
     </span>
     <span class='ocr_line' id='line_1_29' title="bbox 115 2121 1517 2170; baseline -0.001 -12"><span class='ocrx_word' id='word_1_227' title='bbox 115 2121 291 2158; x_wconf 86' lang='lat' dir='ltr'>videmus</span> <span class='ocrx_word' id='word_1_228' title='bbox 322 2129 468 2158; x_wconf 86' lang='lat' dir='ltr'>ceteras</span> <span class='ocrx_word' id='word_1_229' title='bbox 501 2122 705 2170; x_wconf 91' lang='lat' dir='ltr'>opiniones</span> <span class='ocrx_word' id='word_1_230' title='bbox 735 2122 845 2159; x_wconf 90' lang='lat' dir='ltr'>fictas</span> <span class='ocrx_word' id='word_1_231' title='bbox 877 2129 993 2170; x_wconf 90' lang='lat' dir='ltr'>atque</span> <span class='ocrx_word' id='word_1_232' title='bbox 1026 2134 1143 2158; x_wconf 88' lang='lat' dir='ltr'>vanas</span> <span class='ocrx_word' id='word_1_233' title='bbox 1173 2121 1419 2158; x_wconf 87' lang='lat' dir='ltr'>diuturnitate</span> <span class='ocrx_word' id='word_1_234' title='bbox 1453 2132 1517 2156; x_wconf 79' lang='lat' dir='ltr'>ex-</span> 
     </span>
     <span class='ocr_line' id='line_1_30' title="bbox 116 2185 1516 2234; baseline -0.002 -12"><span class='ocrx_word' id='word_1_235' title='bbox 116 2186 295 2223; x_wconf 89' lang='lat' dir='ltr'>tabuisse.</span> <span class='ocrx_word' id='word_1_236' title='bbox 353 2186 450 2233; x_wconf 91' lang='lat' dir='ltr'>Quis</span> <span class='ocrx_word' id='word_1_237' title='bbox 489 2186 593 2222; x_wconf 86' lang='lat' dir='ltr'>enim</span> <span class='ocrx_word' id='word_1_238' title='bbox 625 2187 993 2234; x_wconf 85' lang='lat' dir='ltr'>Hippocentaurum</span> <span class='ocrx_word' id='word_1_239' title='bbox 1027 2186 1141 2222; x_wconf 89' lang='lat' dir='ltr'>fuisse</span> <span class='ocrx_word' id='word_1_240' title='bbox 1175 2192 1241 2222; x_wconf 88' lang='lat' dir='ltr'>aut</span> <span class='ocrx_word' id='word_1_241' title='bbox 1272 2185 1516 2222; x_wconf 91' lang='lat' dir='ltr'>Chimaeram</span> 
     </span>
     <span class='ocr_line' id='line_1_31' title="bbox 68 2249 1516 2298; baseline -0.001 -12"><span class='ocrx_word' id='word_1_242' title='bbox 68 2266 100 2290; x_wconf 79' lang='lat'>30</span> <span class='ocrx_word' id='word_1_243' title='bbox 117 2251 254 2298; x_wconf 89' lang='lat' dir='ltr'>putat?</span> <span class='ocrx_word' id='word_1_244' title='bbox 281 2261 430 2298; x_wconf 90' lang='lat' dir='ltr'>quaeve</span> <span class='ocrx_word' id='word_1_245' title='bbox 449 2262 545 2287; x_wconf 89' lang='lat' dir='ltr'>anus</span> <span class='ocrx_word' id='word_1_246' title='bbox 571 2257 651 2287; x_wconf 91' lang='lat' dir='ltr'>tam</span> <span class='ocrx_word' id='word_1_247' title='bbox 681 2262 816 2287; x_wconf 85' lang='lat' dir='ltr'>excors</span> <span class='ocrx_word' id='word_1_248' title='bbox 851 2250 1008 2286; x_wconf 87' lang='lat' dir='ltr'>inveniri</span> <span class='ocrx_word' id='word_1_249' title='bbox 1043 2257 1182 2298; x_wconf 88' lang='lat' dir='ltr'>potest,</span> <span class='ocrx_word' id='word_1_250' title='bbox 1204 2261 1303 2297; x_wconf 91' lang='lat' dir='ltr'>quae</span> <span class='ocrx_word' id='word_1_251' title='bbox 1325 2249 1396 2292; x_wconf 87' lang='lat' dir='ltr'>illa,</span> <span class='ocrx_word' id='word_1_252' title='bbox 1418 2259 1516 2296; x_wconf 87' lang='lat' dir='ltr'>quae</span> 
     </span>
     <span class='ocr_line' id='line_1_32' title="bbox 117 2313 1519 2362; baseline -0.001 -12"><span class='ocrx_word' id='word_1_253' title='bbox 117 2313 318 2362; x_wconf 92' lang='lat' dir='ltr'>quondam</span> <span class='ocrx_word' id='word_1_254' title='bbox 369 2314 626 2351; x_wconf 85' lang='lat' dir='ltr'>credebantur</span> <span class='ocrx_word' id='word_1_255' title='bbox 676 2314 781 2362; x_wconf 91' lang='lat' dir='ltr'>apud</span> <span class='ocrx_word' id='word_1_256' title='bbox 829 2315 971 2351; x_wconf 91' lang='lat' dir='ltr'>inferos</span> <span class='ocrx_word' id='word_1_257' title='bbox 1022 2321 1212 2362; x_wconf 90' lang='lat' dir='ltr'>portenta,</span> <span class='ocrx_word' id='word_1_258' title='bbox 1266 2313 1519 2350; x_wconf 82' lang='lat' dir='ltr'>extimescat?</span> 
     </span>
     <span class='ocr_line' id='line_1_33' title="bbox 120 2377 1516 2425; baseline -0.001 -11"><span class='ocrx_word' id='word_1_259' title='bbox 120 2378 326 2425; x_wconf 91' lang='lat' dir='ltr'>Opinionis</span> <span class='ocrx_word' id='word_1_260' title='bbox 346 2379 450 2415; x_wconf 90' lang='lat' dir='ltr'>enim</span> <span class='ocrx_word' id='word_1_261' title='bbox 469 2385 693 2415; x_wconf 89' lang='lat' dir='ltr'>commenta</span> <span class='ocrx_word' id='word_1_262' title='bbox 713 2378 816 2415; x_wconf 89' lang='lat' dir='ltr'>delet</span> <span class='ocrx_word' id='word_1_263' title='bbox 837 2378 931 2423; x_wconf 84' lang='lat' dir='ltr'>dies,</span> <span class='ocrx_word' id='word_1_264' title='bbox 953 2384 1109 2414; x_wconf 90' lang='lat' dir='ltr'>naturae</span> <span class='ocrx_word' id='word_1_265' title='bbox 1131 2377 1274 2414; x_wconf 89' lang='lat' dir='ltr'>iudicia</span> <span class='ocrx_word' id='word_1_266' title='bbox 1303 2377 1516 2413; x_wconf 89' lang='lat' dir='ltr'>confirmat.</span> 
     </span>
     <span class='ocr_line' id='line_1_34' title="bbox 121 2441 1518 2491; baseline -0.001 -14"><span class='ocrx_word' id='word_1_267' title='bbox 121 2442 258 2489; x_wconf 89' lang='lat' dir='ltr'>Itaque</span> <span class='ocrx_word' id='word_1_268' title='bbox 306 2449 344 2478; x_wconf 88' lang='lat' dir='ltr'>et</span> <span class='ocrx_word' id='word_1_269' title='bbox 390 2442 428 2479; x_wconf 93' lang='lat' dir='ltr'>in</span> <span class='ocrx_word' id='word_1_270' title='bbox 471 2448 602 2479; x_wconf 89' lang='lat' dir='ltr'>nostro</span> <span class='ocrx_word' id='word_1_271' title='bbox 645 2443 791 2491; x_wconf 90' lang='lat' dir='ltr'>populo</span> <span class='ocrx_word' id='word_1_272' title='bbox 835 2450 873 2478; x_wconf 92' lang='lat' dir='ltr'>et</span> <span class='ocrx_word' id='word_1_273' title='bbox 915 2443 955 2479; x_wconf 93' lang='lat' dir='ltr'>in</span> <span class='ocrx_word' id='word_1_274' title='bbox 1001 2442 1138 2478; x_wconf 91' lang='lat' dir='ltr'>ceteris</span> <span class='ocrx_word' id='word_1_275' title='bbox 1185 2441 1347 2479; x_wconf 91' lang='lat' dir='ltr'>deorum</span> <span class='ocrx_word' id='word_1_276' title='bbox 1394 2441 1518 2477; x_wconf 90' lang='lat' dir='ltr'>cultus</span> 
     </span>
    </p>
   </div>
   <div class='ocr_carea' id='block_1_7' title="bbox 1535 880 1558 949">
    <p class='ocr_par' dir='ltr' id='par_1_9' title="bbox 1535 880 1558 949">
     <span class='ocr_line' id='line_1_35' title="bbox 1535 880 1558 949; textangle 90"><span class='ocrx_word' id='word_1_277' title='bbox 1535 880 1558 949; x_wconf 61' lang='grc' dir='ltr'>ιιι-ιθ</span> 
     </span>
    </p>
   </div>
   <div class='ocr_carea' id='block_1_8' title="bbox 1541 2387 1576 2412">
    <p class='ocr_par' dir='ltr' id='par_1_10' title="bbox 1541 2387 1576 2412">
     <span class='ocr_line' id='line_1_36' title="bbox 1541 2387 1576 2412; baseline 0 0"><span class='ocrx_word' id='word_1_278' title='bbox 1541 2387 1576 2412; x_wconf 58' lang='lat'><strong><em>4</em></strong></span> 
     </span>
    </p>
   </div>
  </div>
 </body>
</html>
