1681 2752
67 850 98 867 10

65 1175 95 1198 ι5

63 1499 96 1515 20

63 1817 93 1841 ²5

62 2138 95 2162 30

65 2456 96 2481 3⁵

465 155 549 186 ΜΒ.
568 155 613 185 11.
662 154 741 186 cm.
760 155 944 186 xii-xiv.
992 156 1030 196 ἓξ
1047 164 1162 198 31-37·
1457 151 1511 201 89

114 257 332 306 gignuntur,
353 256 491 305 quibus
511 268 533 293 a
552 256 741 305 principio
772 257 980 294 innascitur
998 258 1092 294 ratio
1112 265 1217 295 recta
1237 265 1509 308 constansque,

117 333 216 370 quae
254 333 368 369 supra
405 320 602 357 hominem
640 320 815 369 putanda
852 328 909 358 est
947 320 1101 369 deoque
1139 322 1353 369 tribuenda,
1385 323 1423 360 id
1455 332 1511 361 est

115 385 275 431 mundo,
306 385 343 421 in
373 396 452 433 quo
485 397 645 422 necesse
677 391 733 422 est
768 384 977 433 perfectam
1012 385 1112 422 illam
1147 393 1262 434 atque
1297 388 1510 424 absolutam

115 450 238 486 inesse
259 450 460 486 rationem.
518 449 657 497 Neque
687 449 790 486 enim
815 449 893 486 dici
922 456 1049 498 potest
1080 450 1116 485 in
1147 450 1221 486 ulla
1251 463 1375 488 rerum
1408 452 1510 489 insti·
1529 459 1561 486 35

114 513 260 550 tutione
282 525 360 549 non
382 525 465 550 esse
489 513 633 562 aliquid
663 520 877 550 extremum
906 520 1022 562 atque
1052 515 1278 562 perfectum.
1335 516 1388 554 Ut
1409 517 1511 552 enim

115 578 152 614 in
182 579 269 624 vite,
299 584 340 615 ut
369 577 407 614 in
436 577 602 626 pecude,
632 578 704 614 nisi
733 590 831 626 quae
862 578 916 615 vis
950 579 1107 624 obstitit,
1128 579 1304 616 videmus
1338 586 1510 617 naturam

114 654 184 679 suo
205 641 377 690 quodam
398 642 531 678 itinere
561 641 611 678 ad
640 642 815 678 ultimum
845 643 1056 691 pervenire,
1079 650 1193 691 atque
1224 650 1264 680 ut
1295 644 1443 692 pictura
1473 652 1511 681 et

115 707 257 744 fabrica
276 713 506 755 ceteraeque
530 713 628 743 artes
658 706 802 743 habent
823 707 1019 755 quendam
1049 708 1213 745 absoluti
1242 709 1368 757 operis
1398 709 1510 746 essec-

115 778 208 816 tum,
238 771 292 808 516
322 771 359 807 111
391 771 498 808 omni
531 777 676 817 natura,
708 783 752 808 ac
788 771 909 808 multo
948 772 1063 808 etiam
1098 773 1232 821 magis,
1262 785 1421 810 necesse
1455 780 1512 810 est

115 835 258 872 absolvi
292 834 435 883 aliquid
468 847 514 872 36
547 835 692 884 perfici.
753 836 909 872 Etenim
943 837 1079 873 ceteris
1118 838 1259 874 naturis
1294 838 1412 874 multa
1446 850 1509 874 ex-

114 907 233 945 terna,
272 912 350 948 quo
397 900 522 937 minus
560 900 819 948 perficiantur,
857 907 1019 948 possunt
1058 902 1255 947 obsistere,
1295 903 1511 939 universam

116 973 243 1002 autem
264 971 438 1001 naturam
458 965 561 1001 nulla
579 977 638 1001 res
658 972 786 1013 potest
810 964 1010 1013 impedire,
1033 972 1239 1013 propterea
1258 966 1365 1014 quod
1386 967 1510 1003 omnis

114 1036 266 1066 naturas
300 1030 382 1077 ipsa
415 1029 571 1066 cohibet
605 1036 642 1065 ct
676 1030 860 1066 continet.
920 1029 1115 1077 Quocirca
1147 1042 1307 1067 necesse
1341 1038 1398 1067 est
1428 1043 1510 1068 esse

115 1101 291 1142 quartum
312 1094 415 1130 illum
437 1100 475 1130 et
494 1094 720 1130 altissimum
740 1093 914 1142 gradum,
936 1106 1014 1142 quo
1043 1094 1147 1130 nulla
1166 1095 1221 1131 vis
1250 1095 1370 1142 possit
1399 1107 1509 1132 acce-

114 1158 216 1196 dere.
276 1158 313 1195 Is
334 1164 462 1194 autem
483 1165 539 1194 est
559 1157 711 1205 gradus,
733 1158 771 1194 in
792 1170 870 1205 quo
891 1170 1015 1194 rerum
1036 1158 1210 1195 omnium
1239 1165 1373 1195 natura
1402 1159 1509 1207 poni·
1528 1168 1562 1194 36

112 1229 197 1269 tur,
227 1234 326 1271 quae
347 1222 531 1270 quoniam
551 1222 634 1259 talis
655 1228 725 1268 est,
745 1228 787 1258 ut
816 1229 854 1258 et
882 1223 1023 1270 praesit
1046 1223 1225 1259 omnibus
1246 1229 1284 1260 et
1304 1235 1389 1260 eam
1410 1224 1512 1260 nulla

113 1300 171 1324 res
191 1288 311 1336 possit
331 1286 517 1335 inpedire,
539 1298 699 1323 necesse
735 1293 793 1323 est
822 1287 1109 1335 intellegentem
1139 1299 1222 1323 esse
1252 1287 1442 1324 mundum
1473 1295 1511 1324 et

113 1351 271 1400 quidem
292 1351 408 1387 etiam
429 1351 657 1399 sapientem.
714 1350 820 1398 Quid
842 1357 971 1387 autem
1001 1357 1058 1387 est
1089 1351 1259 1388 inscitius
1279 1363 1395 1399 quam
1425 1365 1509 1389 eam

112 1422 298 1461 naturam,
319 1427 418 1463 quae
452 1415 578 1452 omnis
601 1427 662 1451 res
690 1415 737 1452 sit
766 1415 969 1463 conplexa,
991 1427 1070 1452 non
1100 1422 1300 1463 optumam
1322 1415 1410 1461 dici,
1432 1424 1508 1462 aut,

113 1492 200 1517 cum
223 1481 270 1517 sit
298 1486 470 1528 optuma,
491 1491 572 1516 non
601 1480 767 1528 primum
796 1479 1033 1516 animantem
1062 1492 1159 1525 esse,
1181 1479 1325 1517 deinde
1354 1482 1509 1518 rationis

113 1551 150 1581 et
179 1544 326 1581 consilii
357 1551 593 1592 compotem,
614 1550 812 1591 postremo
842 1544 1084 1591 sapientem?
1141 1544 1217 1591 Qui
1249 1545 1351 1581 enim
1383 1552 1510 1593 potest

112 1609 219 1645 aliter
251 1620 334 1645 esse
368 1609 555 1656 optuma?
612 1608 752 1656 Neque
786 1608 902 1653 enim,
933 1608 963 1644 si
996 1608 1170 1656 stirpium
1204 1609 1332 1645 similis
1367 1610 1413 1646 sit
1446 1617 1510 1646 aut

112 1673 227 1709 etiam
257 1673 476 1717 bestiarum,
506 1679 668 1720 optuma
697 1672 871 1720 putanda
901 1673 947 1709 sit
977 1673 1104 1720 potius
1134 1684 1250 1720 quam
1280 1672 1508 1719 deterruma,

112 1749 185 1774 nec
213 1749 315 1782 vero,
346 1737 376 1774 si
409 1737 566 1773 rationis
599 1737 792 1784 particeps
827 1737 873 1773 sit
906 1749 979 1773 1166
1019 1737 1066 1773 sit
1103 1743 1233 1773 tamen
1266 1749 1289 1773 a
1322 1738 1509 1785 principio

112 1801 276 1849 sapiens,
297 1813 376 1838 non
397 1801 443 1838 sit
463 1800 632 1838 deterior
651 1800 786 1838 mundi
816 1801 944 1849 potius
966 1813 1082 1849 quam
1113 1801 1282 1837 humana
1301 1801 1508 1847 condicio3

112 1865 230 1902 homo
261 1866 363 1902 enim
393 1866 544 1914 sapiens
574 1866 654 1901 fieri
688 1872 826 1913 potest,
858 1865 1025 1902 mundus
1055 1872 1183 1902 autem
1217 1866 1248 1902 si
1281 1866 1319 1902 in
1353 1873 1509 1903 aeterno

111 1930 303 1978 praeteriti
341 1930 523 1978 temporis
562 1930 686 1977 spatio
725 1930 794 1966 fuit
842 1930 1037 1977 insipiens,
1077 1942 1289 1977 numquam
1335 1931 1509 1978 profecto

111 1994 339 2042 sapientiam
368 2000 628 2042 consequetur
643 2007 652 2040 3
683 1994 734 2031 ita
763 1994 832 2030 erit
860 1994 1017 2030 homine
1039 1993 1216 2031 deterior.
1275 1994 1393 2041 Quod
1413 2007 1507 2042 quo-

111 2059 215 2095 niam
246 2058 456 2095 absurdum
490 2065 558 2104 est,
594 2064 632 2095 et
665 2059 817 2106 sapiens
851 2071 874 2094 a
907 2058 1098 2106 principio
1136 2057 1304 2095 mundus
1343 2065 1380 2095 et
1414 2058 1509 2095 deus

112 2123 313 2161 habendus
337 2130 407 2160 est.
465 2124 605 2171 Neque
635 2123 738 2160 enim
768 2130 825 2160 est
845 2123 1055 2170 quicquam
1084 2122 1187 2159 aliud
1218 2129 1369 2170 praeter
1399 2135 1507 2159 mun-
1527 2135 1559 2161 37

112 2187 218 2232 dum,
241 2188 302 2224 cui
322 2187 415 2224 nihil
435 2187 544 2232 absit,
565 2186 750 2235 quodque
780 2186 952 2235 undique
982 2194 1115 2235 aptum
1147 2194 1262 2234 atque
1293 2188 1509 2235 perfectum

112 2252 385 2300 expletumque
406 2252 453 2288 sit
473 2252 652 2288 omnibus
673 2252 748 2288 suis
778 2252 945 2288 numeris
975 2258 1012 2288 et
1041 2251 1223 2299 partibus.
1280 2251 1381 2288 Scite
1403 2252 1505 2287 enim
1520 2255 1568 2289 14

113 2315 362 2364 Chrysippus,
384 2323 425 2352 ut
454 2316 567 2364 clipei
596 2328 712 2353 631153
740 2316 992 2361 111νο1116111111,
1012 2316 1190 2363 vaginam
1221 2322 1350 2352 autem
1381 2315 1508 2363 gladii,

113 2380 167 2416 sic
187 2387 338 2428 praeter
358 2380 547 2417 mundum
568 2387 696 2416 cetera
715 2380 847 2417 omnia
865 2380 1025 2416 aliorum
1055 2391 1172 2416 631153
1201 2391 1284 2416 6556
1313 2386 1506 2427 generata,
1537 2406 1559 2413 ..

114 2450 154 2481 ut
175 2456 239 2481 eas
257 2444 382 2493 fruges
403 2451 518 2493 atque
538 2445 693 2491 fructus,
715 2456 811 2493 quos
831 2451 930 2482 terra
955 2445 1085 2492 gignit,
1108 2444 1360 2480 animantium
1381 2456 1507 2489 causa,
