1681 2752
488 195 572 226 LIB.
599 195 661 226 111.
707 196 991 227 munii-xv.
1038 199 1077 237 ξς
1097 198 1213 238 32-38.
1470 201 1546 242 147

154 303 280 333 tantur
310 308 387 333 uno
420 296 563 341 modo;
602 297 666 345 qui
698 297 881 345 quoniam
912 297 1005 346 quid
1037 298 1183 336 (liceret
1215 300 1380 348 intellegi
1414 302 1546 347 noluit,

154 361 398 406 omittamus;
436 373 503 397 vos
537 367 667 397 autem
702 361 753 397 ita
786 361 924 407 dicitis,
960 374 1118 399 omnem
1152 364 1228 400 vim
1262 376 1345 400 esse
1383 366 1545 413 igneam,

155 426 280 473 itaque
315 431 352 461 et
385 425 599 470 animantis,
632 437 722 462 cum
756 425 860 462 calor
893 425 1089 472 defecerit,
1121 434 1202 464 tum
1238 429 1402 475 interire,
1437 438 1473 466 et
1509 431 1546 466 in

153 489 258 526 omni
296 495 429 525 natura
466 501 589 525 rerum
624 488 663 526 id
697 489 835 535 vivere,
871 489 909 526 id
944 491 1082 538 vigere,
1118 491 1224 539 quod
1263 493 1398 530 caleat.
1462 495 1546 542 ligo

112 566 126 591 5
153 560 281 590 autem
302 565 380 589 non
402 553 591 601 intellego,
613 565 690 601 quo
715 553 835 590 modo
860 554 985 590 calore
1017 555 1187 592 extincto
1217 568 1379 604 corpora
1409 558 1545 594 intere-

152 625 229 662 ant,
261 629 338 654 non
372 617 559 654 intereant
589 629 722 654 umore
753 625 819 654 aut
849 619 981 666 spiritu
1012 619 1166 665 amisso,
1199 622 1422 668 praesertim
1457 635 1546 659 curn

152 682 340 718 intereant
368 682 483 718 etiam
513 682 632 719 nimio
663 682 801 719 calore.
860 684 989 730 Quam
1016 684 1067 720 ob
1093 696 1174 720 rem
1199 684 1238 720 id
1259 685 1416 732 quidem
1438 699 1544 723 com-
1563 700 1596 725 3ss

152 758 267 782 mune
289 752 345 782 est
366 745 415 782 de
436 746 589 793 calido,
615 758 747 783 verum
767 753 898 784 tamen
917 747 1117 785 videamus
1139 749 1297 785 exitum.
1345 751 1403 786 Ita
1422 751 1544 796 voltis,

151 810 300 858 opinor,
332 810 424 846 nihil
457 822 540 847 esse
575 811 715 847 animal
748 811 976 848 intrinsecus
1012 812 1049 849 in
1083 819 1216 849 natura
1249 820 1364 861 atque
1398 814 1546 851 mundo

104 891 134 908 ιο
152 881 302 922 praeter
332 875 473 923 ignem.
532 875 608 922 Qui
640 876 760 923 magis
791 888 906 923 quam
938 884 1089 924 praeter
1119 878 1301 922 animam,
1331 878 1435 915 unde
1465 879 1545 915 ani-

151 940 338 976 mantium
359 951 514 987 quoque
534 947 686 976 constet
706 941 867 986 animus,
892 952 940 976 ex
959 953 1037 988 quo
1066 942 1207 977 animal
1234 941 1399 979 dicitur?
1456 943 1546 990 Quo

152 1004 270 1040 modo
291 1011 421 1040 autem
441 1004 529 1049 hoc,
552 1004 660 1052 quasi
686 1004 935 1051 concedatur,
957 1006 1116 1051 sumitis,
1138 1006 1232 1042 nihil
1261 1018 1344 1043 esse
1374 1008 1547 1044 animum

151 1069 222 1105 nisi
252 1068 409 1117 ignem?
445 1069 677 1117 probabilius
708 1069 812 1105 enim
840 1068 993 1106 videtur
1025 1070 1099 1106 tale
1134 1069 1322 1118 quiddam
1352 1083 1435 1108 esse
1465 1073 1545 1108 ani-

151 1145 270 1178 mum,
292 1139 332 1169 ut
352 1132 399 1169 sit
418 1144 466 1169 ex
486 1133 563 1180 igni
583 1139 698 1181 atque
719 1133 848 1169 anima
866 1140 1135 1182 temperatum.
1194 1135 1345 1182 Quodsi
1375 1136 1471 1184 ignis
1499 1148 1547 1172 ex

103 1214 133 1249 ³⁵
151 1209 234 1234 sese
255 1197 336 1245 ipse
357 1197 497 1233 animal
519 1204 576 1234 est
596 1197 699 1233 nulla
718 1210 758 1234 se
779 1198 851 1234 alia
870 1197 1111 1235 admiscente
1133 1205 1278 1245 natura,
1296 1200 1480 1247 quoniam
1501 1200 1544 1246 is,

151 1273 241 1298 cum
260 1262 358 1298 inest
384 1262 423 1298 in
444 1262 670 1310 corporibus
691 1263 841 1307 nostris,
863 1262 992 1308 efficit,
1013 1269 1055 1299 ut
1075 1263 1296 1310 sentiamus,
1317 1276 1397 1300 non
1418 1271 1547 1313 potest

151 1326 233 1374 ipse
263 1337 346 1363 esse
376 1326 457 1362 sine
487 1338 613 1363 sensu.
671 1327 817 1363 Rursus
847 1326 986 1363 eadem
1016 1326 1094 1363 dici
1119 1335 1305 1375 possunt:
1344 1328 1547 1377 Quidquid

151 1397 209 1427 est
237 1390 353 1436 enim,
374 1389 482 1439 quod
511 1402 666 1427 sensum
693 1390 845 1437 habeat,
867 1390 907 1427 id
931 1403 1091 1428 necesse
1119 1398 1176 1428 est
1196 1392 1334 1429 sentiat
1354 1400 1392 1430 et
1411 1394 1546 1442 volup-

150 1461 269 1493 tatem
298 1461 336 1492 et
365 1454 538 1492 dolorem
554 1469 563 1501 3
603 1454 652 1491 ad
682 1467 798 1503 quem
827 1462 957 1492 autem
986 1455 1098 1492 dolor
1125 1457 1263 1502 veniat,
1293 1457 1343 1494 ad
1378 1458 1547 1495 eundem

101 1535 134 1553 20
151 1520 266 1557 etiam
297 1519 492 1556 interitum
522 1519 663 1556 venire.
722 1521 782 1556 Ita
811 1520 864 1565 fit,
892 1526 934 1556 ut
963 1532 1013 1556 ne
1045 1520 1175 1568 ignem
1205 1521 1363 1569 quidem
1394 1522 1546 1559 efficere

150 1584 303 1633 possitis
332 1591 542 1621 aeternum.
601 1583 707 1631 Quid
732 1585 864 1621 enim?
891 1596 970 1621 non
1000 1584 1148 1621 eisdem
1168 1585 1276 1623 vobis
1306 1586 1434 1634 placet
1463 1599 1545 1624 om·
1564 1602 1597 1629 37

151 1661 241 1685 nem
272 1649 401 1697 ignem
432 1655 561 1697 pastus
593 1648 764 1696 indigere
796 1660 870 1685 nec
902 1661 1128 1697 permanere
1159 1650 1236 1687 ullo
1267 1650 1387 1687 modo
1418 1663 1544 1699 posse,

150 1713 222 1749 nisi
253 1713 400 1749 alatur?
432 1712 481 1749 ali
511 1719 640 1749 autem
671 1713 804 1758 solem,
838 1713 980 1757 lunam,
1013 1713 1158 1761 reliqua
1191 1721 1291 1751 astra
1323 1715 1444 1762 aquis,
1474 1716 1548 1752 alia

151 1776 338 1822 dulcibus,
369 1777 442 1813 alia
470 1777 652 1813 marinis?
709 1777 884 1824 Eamque
909 1789 1065 1814 causam
1087 1778 1296 1815 Cleanthes
1324 1778 1457 1824 adfert,
1479 1792 1548 1816 cur

101 1855 133 1880 25
151 1853 192 1879 se
221 1842 277 1878 sol
306 1841 443 1878 referat
472 1853 546 1878 nec
575 1841 724 1889 longius
754 1840 1017 1889 progrediatur
1048 1841 1233 1878 solstitiali
1262 1842 1345 1879 orbi
1374 1843 1545 1891 itemque

149 1905 322 1952 brumali,
356 1918 404 1942 ne
438 1906 588 1954 longius
623 1905 799 1942 discedat
833 1917 855 1941 a
888 1905 989 1942 cibo.
1048 1906 1141 1942 Hoc
1178 1912 1302 1943 totum
1337 1908 1448 1954 quale
1483 1909 1544 1954 sit,

149 1982 240 2007 mox
256 1984 265 2017 3
299 1982 404 2007 nunc
434 1977 562 2006 autem
592 1969 846 2006 concludatur
870 1969 986 2006 illud:
1024 1969 1132 2018 quod
1161 1970 1313 2007 interire
1342 1972 1475 2019 possit,
1506 1971 1546 2009 id

149 2042 348 2071 aeternum
377 2047 456 2071 non
483 2046 566 2071 esse
587 2041 745 2077 natura;
777 2034 905 2082 ignem
931 2040 1059 2070 autem
1087 2034 1327 2071 interiturum
1356 2047 1453 2081 esse,
1473 2037 1546 2073 nisi

149 2099 292 2145 alatur3
323 2111 402 2135 non
423 2111 506 2135 esse
528 2099 640 2146 igitur
659 2105 794 2135 natura
813 2098 940 2146 ignem
964 2099 1254 2146 sempiternum.

100 2183 133 2208 30
204 2163 368 2211 Qualem
397 2169 526 2199 autem
556 2162 673 2199 deum
704 2162 922 2210 intellegere
953 2174 1023 2199 nos
1053 2174 1258 2211 possumus
1285 2163 1388 2200 nulla
1408 2164 1542 2201 virtute
1555 2153 1602 2222 13}

149 2227 393 2276 praeditum?
457 2226 562 2274 Quid
591 2227 722 2263 enim?
759 2226 1056 2274 prudentiamne
1087 2226 1163 2263 deo
1191 2227 1414 2273 tribuemus,
1445 2241 1543 2276 quae

149 2298 300 2328 constat
321 2303 368 2328 ex
388 2291 549 2328 scientia
568 2303 696 2327 rerum
716 2291 905 2327 bonarum
926 2297 964 2327 et
984 2291 1170 2327 malarum
1191 2298 1229 2328 et
1255 2304 1328 2328 nec
1355 2292 1543 2329 bonarum

149 2367 222 2391 nec
249 2355 460 2391 malarum?
516 2355 589 2392 Cui
616 2355 704 2391 mali
733 2355 827 2391 nihil
856 2362 914 2392 est
942 2367 1016 2391 nec
1046 2367 1130 2392 esse
1160 2362 1299 2403 potest,
1331 2356 1424 2404 quid
1454 2356 1542 2393 huic

149 2430 247 2467 opus
278 2425 334 2455 est
365 2418 509 2455 dilectu
539 2419 731 2456 bonorum
762 2425 800 2456 et
831 2419 1047 2455 malorum?
1084 2418 1179 2467 quid
1209 2426 1339 2456 autem
1368 2421 1544 2457 ratione?

99 2498 131 2524 35
149 2482 242 2531 quid
269 2483 555 2531 intellegentia?
587 2483 725 2531 quibus
753 2483 894 2520 utimur
922 2482 973 2520 ad
1001 2495 1089 2520 eam
1117 2495 1210 2529 rem,
1236 2490 1277 2520 ut
1305 2484 1444 2532 apertis
1474 2485 1541 2522 ob-
