1714 2807
145 143 202 193 64
581 152 644 183 DE
674 153 865 185 NATURA
898 154 1107 186 DEORUM.

86 260 273 291 meantem
295 253 502 292 adventum
524 254 562 291 in
582 254 732 291 animos
762 261 800 291 et
829 255 1024 292 introitum
1055 255 1263 304 imaginum
1293 255 1431 294 dicitis.
1487 257 1542 295 Ut

144 320 204 356 Ti.
226 319 447 356 Gracchum
468 331 557 355 cum
578 318 712 355 videor
732 319 1023 355 contionantem
1046 320 1082 356 in
1113 320 1305 368 Capitolio
1334 320 1462 357 videre
1491 320 1542 357 de

146 385 202 421 M.
231 383 393 421 Octavio
424 382 662 419 deferentem
694 383 866 428 sitellam,
898 390 977 420 tum
1009 395 1098 420 eum
1129 391 1276 420 motum
1306 384 1422 420 animi
1452 384 1542 422 dico

147 459 229 484 esse
251 448 417 492 inanem,
436 454 474 483 tu
497 454 626 483 autem
648 454 685 483 ct
706 447 874 484 Gracchi
896 454 931 483 et
954 448 1104 484 Octavii
1128 447 1311 495 imagines
1331 460 1541 494 remanere,

146 524 256 559 quae,
287 512 325 548 in
355 511 588 559 Capitolium
619 523 709 546 cum
739 511 990 559 pervenerim,
1021 518 1102 548 tum
1133 511 1182 548 ad
1213 512 1382 547 animum
1412 524 1541 548 meum
1569 528 1584 552 5

145 576 353 612 reserantur
368 589 378 622 3
409 575 483 612 hoc
516 574 620 611 idem
650 574 730 611 fieri
757 575 796 611 in
820 574 909 620 deo,
936 575 1045 612 cuius
1070 575 1202 612 crebra
1231 576 1326 612 facie
1356 576 1544 623 pellantur

87 641 275 685 107animi,
315 652 363 676 ex
400 652 477 688 quo
517 651 599 676 esse
639 639 742 676 beati
780 646 896 686 atque
935 640 1080 676 aeterni
1119 640 1395 688 intellegantur.
1465 641 1541 677 Fac

145 705 328 752 imagines
376 716 472 749 esse,
519 704 658 752 quibus
707 704 906 752 pulsentur
956 704 1073 740 animi
1089 717 1099 750 3
1141 704 1289 752 species
1343 703 1541 742 dumtaxat

145 768 309 805 obicitur
337 768 531 816 quaedam
547 782 556 815 ;
587 780 680 804 num
708 768 835 813 etiam,
864 779 933 804 cur
963 780 1010 804 ea
1040 768 1153 804 beata
1179 768 1237 813 sit,
1266 780 1333 804 cur
1362 769 1543 805 aeterna?

147 832 257 879 Quae
286 839 415 869 autem
444 832 538 869 istae
569 832 754 880 imagines
787 840 934 868 vestrae
971 839 1036 868 aut
1064 832 1198 868 unde?
1253 834 1286 868 A
1317 833 1541 869 Democrito
1563 849 1593 865 ιο

145 897 304 933 omnino
326 897 422 933 haec
442 897 620 943 licentia3
651 896 721 933 sed
741 903 779 933 et
800 897 860 932 ille
881 897 1135 944 reprehensus
1165 909 1187 933 a
1216 897 1341 934 multis
1371 903 1439 942 est,
1469 909 1541 934 nec

143 973 212 997 vos
246 961 389 998 exitum
423 961 606 1009 reperitis,
638 967 796 1008 totaque
831 973 889 997 res
924 962 1074 998 vacillat
1109 968 1145 998 et
1178 961 1380 998 claudicat.
1439 962 1540 998 Nam

145 1025 239 1076 quid
277 1032 345 1071 est,
384 1024 490 1073 quod
527 1025 651 1061 minus
689 1025 840 1073 probari
876 1026 1008 1073 possit,
1047 1038 1163 1073 quam
1200 1026 1373 1062 omnium
1408 1026 1447 1062 in
1478 1038 1540 1062 me

144 1089 314 1126 incidere
344 1090 540 1138 imagines,
573 1090 749 1134 Homeri,
771 1089 1003 1135 Archilochi,
1029 1090 1196 1135 Romuli,
1219 1090 1383 1134 Numae,
1406 1089 1541 1138 Pytha-

144 1166 272 1202 gorae,
294 1154 472 1199 Platonis,
494 1166 567 1190 nec
588 1166 634 1190 ea
652 1154 785 1199 forma,
807 1166 884 1201 qua
909 1154 959 1190 illi
989 1154 1168 1190 fuerunt?
1224 1154 1313 1202 Quo
1343 1154 1461 1191 modo
1491 1154 1541 1191 illi
1562 1167 1591 1191 1⁵

145 1219 265 1267 ergo?
293 1224 330 1255 et
359 1230 523 1266 quorum
552 1218 767 1266 imagines?
834 1218 1036 1266 Orpheum
1066 1219 1222 1266 poetam
1252 1218 1368 1255 docet
1398 1219 1540 1255 Aristo-

144 1283 238 1320 teles
282 1295 494 1331 numquam
535 1283 659 1328 fuisse,
693 1289 731 1319 et
764 1282 839 1319 hoc
875 1282 1090 1330 Orphicum
1125 1295 1282 1319 carmen
1315 1283 1541 1331 Pythagorei

145 1347 271 1384 serunt
304 1346 503 1384 cuiusdam
538 1347 651 1383 fuisse
686 1347 884 1394 Cercopis.
942 1348 992 1383 At
1024 1346 1216 1394 Orpheus,
1253 1346 1292 1383 id
1326 1354 1381 1384 est
1401 1347 1541 1396 ,imago

87 1411 239 1457 1oseius,
270 1418 313 1448 ut
345 1423 411 1448 vos
444 1411 566 1456 vultis,
607 1411 645 1447 in
680 1411 850 1447 animum
882 1423 1013 1448 meum
1047 1423 1162 1459 saepe
1197 1412 1365 1448 incurrit.
1423 1411 1540 1459 Quid,

146 1475 253 1524 quod
287 1475 460 1512 eiusdem
495 1476 659 1513 hominis
693 1476 731 1512 in
766 1487 896 1512 meum
930 1476 1036 1521 aliae,
1073 1476 1166 1512 aliae
1201 1476 1239 1512 in
1269 1477 1405 1513 tuum?
1435 1475 1540 1524 quid,
1561 1492 1593 1509 20

146 1539 251 1587 quod
273 1552 402 1576 earum
423 1552 561 1584 rerum,
583 1551 681 1587 quae
702 1551 913 1587 numquam
935 1540 1095 1576 omnino
1122 1540 1272 1577 fuerunt
1301 1552 1427 1588 neque
1458 1552 1541 1577 esse

145 1610 364 1652 potuerunt,
399 1611 440 1640 ut
473 1604 631 1652 Scyllae,
666 1611 708 1640 ut
743 1604 1000 1641 Chimaerae?
1043 1603 1149 1651 quid,
1185 1604 1291 1652 quod
1326 1604 1540 1650 hominum,

145 1671 332 1716 locorum,
353 1671 504 1708 urbium
534 1683 676 1715 earum,
699 1683 792 1719 quas
822 1683 1035 1718 numquam
1064 1671 1258 1708 vidimus?
1285 1671 1391 1719 quid,
1421 1671 1539 1719 quod,

146 1735 258 1772 simul
291 1747 335 1772 ac
370 1735 463 1771 mihi
495 1735 705 1771 collibitum
738 1742 806 1780 est,
838 1742 989 1783 praesto
1022 1742 1079 1772 est
1112 1736 1267 1783 imago?
1295 1735 1402 1783 quid,
1435 1735 1540 1783 quod

146 1799 262 1836 etiam
304 1798 354 1835 ad
395 1798 653 1836 dormientem
684 1800 842 1836 veniunt
884 1799 1113 1836 invocatae?
1166 1800 1268 1836 Tota
1296 1811 1368 1845 res,
1406 1800 1539 1845 Vellei,
1559 1816 1590 1840 25

145 1864 344 1911 nugatoria
363 1869 431 1900 est.
487 1863 567 1899 Vos
588 1870 715 1899 autem
736 1875 813 1899 non
835 1863 956 1900 modo
976 1864 1096 1900 oculis
1116 1864 1314 1912 imagines,
1335 1863 1405 1900 sed
1425 1864 1539 1900 etiam

146 1928 282 1965 animis
319 1928 529 1964 inculcatis.
586 1928 712 1964 Tanta
750 1935 806 1965 est
845 1929 1037 1976 inpunitas
1071 1928 1272 1977 garriendi.
1336 1930 1387 1966 At
1424 1941 1540 1977 quam

88 1984 328 2054 {³02¹icemes!
399 1991 618 2028 Fluentium
657 1992 877 2039 frequenter
914 1993 1084 2030 transitio
1120 1993 1161 2029 fit
1198 1993 1400 2039 visionum,
1440 2000 1480 2030 ut
1518 2005 1538 2030 e

147 2056 273 2092 multis
302 2068 378 2092 una
406 2055 590 2092 videatur.
650 2055 816 2092 Puderet
837 2068 898 2093 me
919 2056 1048 2093 dicere
1071 2069 1149 2093 non
1170 2057 1401 2105 intellegere,
1422 2057 1451 2094 si
1471 2069 1539 2094 vos

146 2120 217 2168 ipsi
238 2120 516 2168 intellegeretis,
537 2120 602 2167 qui
623 2120 694 2156 ista
723 2119 941 2157 defenditis.
1000 2120 1090 2168 Quo
1121 2120 1240 2157 modo
1269 2121 1371 2157 enim
1401 2121 1539 2169 probas
1559 2132 1592 2159 30

147 2184 388 2221 continenter
428 2184 612 2232 imagines
657 2183 770 2220 ferri?
808 2191 884 2229 aut,
929 2184 959 2221 si
1002 2185 1254 2230 continenter,
1298 2197 1375 2232 quo
1420 2184 1539 2222 modo

146 2249 352 2285 aeternae?
427 2248 772 2293 Innumerabilitas,
834 2248 970 2295 inquis,
1033 2247 1254 2297 suppeditat
1308 2255 1537 2285 atomorum.

148 2313 252 2348 Num
273 2311 410 2348 eadem
431 2323 522 2359 ergo
543 2312 613 2348 ista
632 2311 757 2357 faciet,
787 2318 829 2348 ut
858 2312 932 2348 sint
960 2313 1092 2349 onmia
1119 2313 1380 2360 sempiterna?
1435 2313 1538 2350 Con-

146 2376 242 2424 fugis
263 2375 312 2412 ad
333 2375 652 2423 aequilibritatem
675 2376 750 2424 (sic
780 2376 883 2412 enim
915 2375 1110 2423 ἰσονομίαν,
1142 2376 1171 2412 si
1201 2377 1339 2424 placet,
1369 2376 1537 2424 appelle-

145 2440 250 2488 mus)
277 2446 315 2477 et
335 2440 400 2486 ais,
422 2439 604 2488 quoniam
625 2439 672 2477 sit
691 2447 825 2477 natura
845 2439 1024 2487 mortalis,
1041 2440 1281 2478 inmortalem
1311 2440 1425 2477 etiam
1455 2451 1538 2477 esse
1557 2454 1588 2478 3⁵
