1681 2752
488 170 574 201 Lm.
599 169 624 200 1.
671 169 891 200 anmv.
940 170 1157 209 §5121-124.
1466 164 1521 214 69

128 271 303 309 disseruit
334 271 373 309 in
403 271 498 309 libro
530 272 665 319 quinto
699 270 748 308 de
780 277 914 307 natura
945 270 1118 317 deorum,
1154 272 1277 309 nullos
1309 284 1393 310 esse
1426 273 1520 311 deos

130 336 299 384 Epicuro
319 335 450 380 videri,
471 347 648 383 quaeque
669 335 698 371 is
719 334 769 371 de
791 334 873 371 deis
893 334 1156 371 inmortalibus
1185 335 1333 381 dixerit,
1356 337 1520 374 invidiae

128 399 379 436 detestandae
399 399 518 447 gratia
537 399 690 436 dixisse.
749 399 888 446 Neque
913 399 1016 435 enim
1046 405 1123 435 tam
1155 398 1348 448 desipiens
1378 401 1519 447 suisset,

127 469 168 500 ut
188 463 408 500 homunculi
437 463 599 500 similem
629 463 747 500 deum
777 463 948 511 fingeret,
969 462 1198 500 liniamentis
1229 463 1427 501 dumtaxat
1456 477 1522 502 ex-

85 542 100 566 s
127 527 267 572 tremis,
288 540 367 564 non
387 527 519 564 habitu
539 527 676 572 solido,
698 527 878 564 membris
899 526 1064 564 hominis
1085 527 1303 575 praeditum
1328 530 1519 575 omnibus,

126 604 197 628 usu
226 592 486 628 membrorum
517 603 568 628 ne
598 592 760 628 minimo
794 590 965 639 quidem,
998 592 1136 628 exilem
1169 592 1368 640 quendam
1405 600 1519 642 atque

126 655 379 704 perlucidum,
399 656 492 693 nihil
521 657 702 705 cuiquam
731 657 975 703 tribuentem,
995 657 1090 694 nihil
1118 658 1408 706 gratificantem,
1438 670 1521 695 om-

127 721 218 757 nino
256 720 350 757 nihil
387 728 597 765 curantem,
637 721 731 757 nihil
767 728 958 769 agentern.
1028 722 1137 769 Quae
1180 729 1314 759 natura
1354 722 1520 770 primum

127 784 229 821 nulla
266 796 349 821 esse
387 791 528 833 potest,
568 785 685 833 idque
723 785 858 823 videns
898 787 1087 835 Epicurus
1125 799 1165 824 re
1205 787 1312 833 tollit,
1347 787 1519 823 oratione

79 865 110 882 10
126 849 304 896 relinquit
341 848 463 895 deos;
507 848 663 896 deinde,
702 850 733 887 si
773 851 938 887 maxime
976 851 1059 889 talis
1097 858 1153 888 est
1192 851 1301 898 deus,
1340 858 1382 888 ut
1419 852 1578 888 nullam

126 913 255 961 gratia,
294 913 397 950 nulla
433 913 634 951 hominurn
672 915 828 951 caritate
866 921 1051 961 teneatur,
1090 916 1238 962 valeat3
1281 915 1376 963 quid
1417 916 1520 952 enirn

127 977 255 1014 dicam
295 978 504 1025 ‘propitius
543 979 637 1015 sit’?
693 979 788 1015 Esse
827 978 931 1015 enim
969 979 1155 1026 propitius
1192 986 1321 1027 potest
1362 980 1519 1025 nemini,

127 1041 322 1089 quoniam,
361 1047 402 1078 ut
438 1040 576 1087 dicitis,
616 1042 742 1079 omnis
789 1041 829 1078 in
874 1041 1120 1080 inbecillitate
1157 1048 1215 1079 est
1251 1049 1290 1080 et
1326 1044 1446 1092 gratia
1482 1050 1521 1081 et

126 1111 274 1142 cantas.
