1681 2752
327 139 413 169 LIB.
439 139 465 169 1.
511 139 590 169 CAP.
607 139 980 169 XXXVI-XXXVHI.
1027 140 1066 179 §5
1089 147 1244 181 loo-105.
1437 132 1490 181 63

99 239 192 276 nihil
219 240 432 276 cessatione
464 239 598 276 melius
629 239 830 276 existimat.
887 240 936 275 At
963 239 1033 286 ipsi
1065 245 1193 276 tamen
1222 241 1342 288 pueri,
1375 241 1547 283 etiam37

99 315 187 340 cum
209 310 370 347 cessant,
393 303 665 340 exercitatione
687 303 813 350 aliqua
832 302 978 339 ludicra
1005 302 1244 339 delectantur
1260 318 1269 349 3
1301 304 1416 340 deum
1438 306 1492 342 sic

98 367 270 403 feriatum
304 367 477 403 volumus
512 366 726 402 cessatione
769 372 933 413 torpere,
974 372 1026 411 ut,
1070 366 1101 403 si
1143 378 1182 402 se
1227 370 1490 414 commoverit,

96 442 305 476 vereamur,
332 442 380 466 ne
408 430 542 466 beatus
566 441 648 466 esse
676 442 755 466 non
782 430 929 478 possit?
986 430 1099 466 Haec
1123 432 1244 467 oratio
1269 445 1346 469 non
1372 434 1490 470 modo

54 508 69 532 s
97 493 190 530 deos
217 494 353 542 spoliat
377 500 484 530 motu
511 499 548 530 et
574 493 726 530 actione
755 493 895 539 divina,
923 492 993 530 sed
1019 495 1134 531 etiam
1163 495 1338 533 homines
1363 498 1490 535 inertis

95 557 221 603 efficit,
257 556 447 606 siquidem
480 568 597 606 agens
635 556 778 605 aliquid
815 568 864 594 ne
903 556 1000 595 deus
1037 559 1196 607 quidem
1235 573 1318 598 esse
1357 562 1489 599 beatus

93 628 232 669 potest.

145 686 289 723 Verum
318 685 366 722 sit
394 697 499 732 sane,
530 691 573 723 ut
605 685 728 732 vultis,
760 684 856 723 deus
888 686 1032 735 effigies
1068 687 1233 726 hominis
1268 696 1305 726 et
1335 690 1547 738 imag03103

92 749 198 797 quod
217 749 298 787 eius
319 756 376 786 est
396 749 663 787 domicilium?
690 762 789 798 quae
809 750 950 788 sedes?
978 753 1043 800 qui
1063 752 1199 790 locus?
1226 765 1325 801 quae
1346 754 1488 791 deinde

43 829 75 846 10
92 815 192 850 actio
225 814 353 850 vitae?
380 814 518 862 quibus
551 814 677 859 rebus,
713 814 753 851 id
786 815 894 863 quod
927 816 1050 862 vultis,
1086 817 1220 854 beatus
1251 819 1336 854 est?
1364 826 1489 855 utatur

92 878 194 914 enim
214 878 290 915 suis
309 879 421 916 bonis
441 884 595 927 oportet
613 884 653 916 et
668 879 821 925 fruatur,
844 880 910 928 qui
930 880 1064 917 beatus
1086 881 1231 919 futurus
1258 889 1326 919 est.
1386 883 1486 920 Nam

89 941 198 980 locus
218 942 377 991 quidem
408 943 451 980 iis
481 943 597 979 etiam
626 944 781 989 naturis,
803 956 902 992 quae
927 945 1008 981 sine
1034 946 1170 982 animis
1195 953 1295 991 sunt,
1317 958 1406 984 suus
1432 955 1487 984 est

91 1008 230 1056 cuique
267 1008 453 1057 proprius,
483 1014 525 1044 ut
553 1014 652 1044 terra
680 1008 855 1045 infimum
884 1015 1025 1054 teneat,
1055 1009 1155 1046 hanc
1184 1010 1345 1047 inundet
1375 1023 1484 1058 aqua,

90 1073 262 1120 superior
286 1073 381 1119 αὲνί,
407 1072 585 1110 aetheriis
614 1072 764 1121 ignibus
794 1073 975 1110 altissima
1000 1085 1066 1110 ora
1091 1073 1283 1111 reddatur.
1341 1076 1485 1112 Bestia—

42 1151 72 1176 15
90 1149 174 1174 rum
203 1143 334 1174 autem
365 1143 540 1174 terrenae
574 1144 662 1174 sunt
695 1137 803 1183 aliae,
838 1137 976 1185 partim
1014 1138 1210 1185 aquatiles,
1248 1139 1343 1175 aliae
1378 1141 1486 1186 quasi

89 1201 275 1250 ancipites
300 1202 341 1239 in
365 1209 527 1250 utraque
553 1201 648 1239 sede
671 1202 868 1248 viventes;
898 1208 985 1238 sunt
1012 1201 1205 1249 quaedam
1234 1203 1362 1248 etiam,
1388 1215 1486 1251 quae

89 1266 176 1314 igne
196 1266 302 1304 nasci
321 1273 504 1315 putentur
521 1273 810 1315 appareantque
830 1266 870 1303 in
889 1265 1112 1303 ardentibus
1131 1266 1349 1304 fornacibus
1370 1279 1485 1316 saepe

88 1330 302 1369 volitantes.
369 1330 526 1379 Quaero
563 1331 686 1379 igitur,
724 1337 849 1368 vester
886 1330 982 1367 deus
1020 1331 1186 1379 primum
1224 1331 1289 1368 ubi
1327 1331 1484 1377 habitet,
1495 1338 1544 1363 1⁰4

89 1393 232 1431 deinde
278 1406 378 1443 quae
425 1407 542 1432 causa
587 1407 677 1432 eum
723 1395 812 1432 loco
858 1401 1024 1440 moveat,
1067 1395 1099 1431 si
1145 1394 1264 1432 modo
1311 1403 1486 1433 movetur

39 1472 71 1489 20
88 1457 306 1505 aliquando,
331 1471 457 1508 porro,
482 1471 573 1496 cum
596 1459 673 1496 hoc
695 1459 893 1508 proprium
917 1459 964 1495 sit
985 1459 1248 1504 animantium,
1274 1466 1315 1496 ut
1341 1461 1484 1508 aliquid

86 1521 283 1570 adpetant,
305 1522 413 1571 quod
433 1523 479 1560 sit
498 1530 656 1560 naturae
678 1519 1034 1567 accommodatum,
1066 1522 1162 1559 deus
1191 1522 1286 1571 quid
1314 1532 1482 1572 appetat,

86 1584 137 1622 ad
165 1598 283 1634 quam
311 1586 478 1635 denique
504 1599 587 1624 rem
607 1594 715 1625 motu
735 1587 874 1624 mentis
895 1599 942 1623 ac
961 1587 1107 1623 ratione
1129 1593 1265 1633 utatur,
1287 1595 1483 1636 postremo

86 1661 165 1697 quo
198 1649 319 1688 modo
351 1651 486 1689 beatus
520 1651 578 1697 sit,
613 1663 691 1700 quo
731 1651 852 1689 modo
887 1657 1077 1697 aeternus.
1148 1651 1346 1699 Quicquid
1379 1654 1483 1690 enim

85 1713 224 1751 horum
261 1715 440 1763 attigeris,
479 1715 587 1752 ulcus
625 1721 694 1753 est.
763 1706 823 1753 I‘ta
860 1715 959 1752 male
997 1715 1170 1752 instituta
1205 1716 1300 1752 ratio
1339 1717 1481 1754 exitum

35 1793 67 1818 25
85 1778 249 1826 reperire
281 1790 362 1816 non
393 1785 533 1828 potest.
590 1779 652 1817 Sic
685 1780 789 1817 enim
828 1779 999 1826 dicebas,
1034 1780 1206 1828 speciem
1238 1779 1303 1817 dei
1334 1782 1540 1829 percipi105

84 1842 330 1890 cogitatione,
349 1855 431 1881 non
450 1855 577 1890 sensu,
598 1856 673 1881 nec
693 1856 777 1882 esse
798 1844 838 1881 in
859 1856 905 1881 ea
933 1844 1049 1881 ullam
1080 1843 1324 1890 soliditatem,
1354 1857 1481 1893 neque

84 1906 251 1944 eandem
272 1907 322 1944 ad
341 1920 543 1945 numerum
563 1920 802 1956 permanere,
824 1920 989 1956 eamque
1011 1920 1095 1946 esse
1118 1908 1198 1946 eius
1219 1909 1419 1955 visionem,
1440 1917 1482 1947 ut

83 1971 329 2008 similitudine
355 1978 394 2009 et
418 1972 641 2009 transitione
668 1978 855 2018 cernatur,
883 1984 1011 2020 neque
1038 1972 1194 2010 deficiat
1219 1985 1404 2021 umquam
1434 1986 1481 2011 ex

83 2035 236 2073 infinitis
257 2036 480 2084 corporibus
504 2036 684 2073 similium
708 2036 894 2082 accessio,
916 2048 965 2073 ex
988 2048 1114 2085 eoque
1139 2037 1232 2083 fieri,
1256 2044 1298 2074 ut
1320 2037 1360 2074 in
1383 2038 1479 2075 haec

33 2112 66 2136 30
83 2099 228 2136 intenta
246 2111 355 2136 mens
375 2106 505 2136 nostra
524 2100 676 2137 beatam
696 2100 798 2137 illam
817 2106 992 2137 naturam
1011 2107 1050 2137 et
1069 2102 1343 2150 sempiternam
1357 2109 1478 2150 putet.

85 2163 188 2208 Hoc,
217 2175 286 2211 per
313 2163 416 2212 ipsos
446 2163 553 2209 deos,
584 2163 634 2200 de
663 2164 802 2211 quibus
831 2164 1034 2212 loquimur,
1065 2166 1178 2213 quale
1203 2165 1363 2203 tandem
1393 2167 1534 2207 est?3S

83 2226 186 2262 Nam
205 2226 236 2263 si
256 2233 405 2264 tantum
426 2226 546 2264 modo
567 2227 617 2264 ad
638 2228 914 2275 cogitationem
933 2228 1062 2265 valent
1084 2241 1159 2265 nec
1189 2229 1332 2267 habent
1362 2230 1477 2267 ullam

82 2289 314 2327 soliditatem
351 2303 426 2327 nec
464 2291 726 2337 eminentiam,
765 2291 860 2339 quid
903 2292 1071 2337 interest,
1114 2299 1240 2329 utrum
1282 2293 1332 2330 de
1375 2295 1474 2341 Hip-

81 2360 318 2401 pocentauro
338 2366 387 2391 an
407 2353 458 2391 de
478 2353 554 2392 deo
582 2355 824 2403 cogitemus?
852 2367 1011 2392 omnem
1042 2356 1144 2392 enim
1178 2357 1292 2393 talem
1323 2357 1473 2394 confor-

32 2431 64 2456 35
81 2416 293 2454 mationem
325 2417 444 2455 animi
479 2417 597 2456 ceteri
632 2418 855 2467 philosophi
881 2425 1030 2456 motum
1054 2419 1207 2457 inanem
1233 2428 1384 2467 vocant,
1407 2434 1474 2459 vos
