1626 2741
543 146 628 176 ΗΒ.
655 144 680 174 I.
726 142 805 172 Car».
825 141 851 175 Ι,
870 139 915 170 11.
963 138 1002 177 ξς
1024 143 1093 177 1-5.
1462 130 1512 170 33

121 268 183 294 me
203 267 283 292 rem
305 259 539 297 causamque
561 245 746 289 continet,
767 249 894 279 utrum
924 238 1016 276 nihil
1037 243 1164 286 agant,
1185 234 1277 271 nihil
1299 232 1514 275 moliantur,

121 320 229 358 omni
255 317 452 355 curatione
483 319 521 350 et
549 307 879 348 administratione
909 315 1035 341 rerum
1057 307 1205 343 vacent,
1228 311 1275 334 an
1307 303 1440 333 contra
1468 295 1516 331 ab

122 386 166 422 iis
187 390 224 420 et
244 395 266 419 a
285 379 475 430 principio
497 376 627 413 onmia
649 374 749 410 sacta
777 377 815 407 et
845 369 1054 406 constituta
1084 366 1157 401 sint
1188 370 1224 400 et
1249 362 1298 398 ad
1327 361 1517 397 infinitum

122 457 276 496 tempus
304 451 482 493 regantur
512 448 627 488 atque
658 442 895 478 moveantur,
928 429 965 469 in
1000 430 1131 479 primis
1162 439 1301 475 magna
1330 425 1518 461 dissensio

82 527 96 551 5
123 519 193 558 est,
215 521 337 564 eaque
358 507 429 545 nisi
450 504 694 557 diiudicatur,
718 502 754 537 in
785 494 938 536 summo
969 506 1094 532 errore
1125 503 1285 529 necesse
1316 498 1372 526 est
1397 488 1519 524 homi-

123 589 192 615 nes
215 567 408 628 atqqu
411 570 665 608 maximarum
685 560 811 602 rerum
832 560 1078 615 ignoratione
1092 557 1244 594 versari.
1301 543 1395 591 Sunt
1416 543 1517 588 enim
1543 544 1566 613 Ξ

123 638 345 692 philosophi
382 643 420 674 et
452 635 616 677 suerunt,
652 630 717 679 qui
756 627 917 666 omnino
956 624 1100 679 nullam
1140 621 1281 657 habere
1321 623 1523 654 censerent

125 717 252 743 rerum
281 703 536 740 humanarum
565 693 877 746 procurationem
908 689 1017 726 deos.
1075 687 1252 734 Quorum
1280 684 1310 720 si
1329 693 1418 718 vera
1438 692 1522 717 sen-

107 770 246 818 ,tentia
271 774 340 812 est,
361 776 461 814 quae
482 768 610 812 potest
631 770 714 797 esse
734 757 870 806 pietas,
892 764 991 802 quae
1021 750 1215 789 sanctitas.
1237 759 1337 796 quae
1367 736 1552 792 religio?l

54 833 115 885 .¹⁰i
131 836 243 872 Haec
263 832 366 870 enim
387 828 519 866 omnia
544 836 638 875 pure
669 830 785 870 atque
815 826 920 856 caste
950 814 1156 854 tribuenda
1184 813 1346 850 deorum
1376 808 1527 846 numini

116 887 181 937 *ita
201 904 300 942 sunt,
317 896 346 932 si
367 891 721 931 animadvertuntur
740 886 789 922 ab
809 885 865 929 iis,
883 890 920 920 et
940 882 971 918 si
991 888 1047 918 est
1067 877 1210 926 aliquid
1231 889 1254 913 a
1281 876 1364 912 deis
1385 875 1526 910 inmor-

129 963 268 1000 talibus
288 959 491 997 hominum
506 953 638 1004 generi
656 937 867 989 tributum}
903 947 968 984 Sin
988 952 1118 982 autem
1134 942 1198 979 dei
1218 952 1345 988 neque
1366 943 1528 986 possunt

130 1041 202 1066 nos
231 1028 358 1064 iuvare
387 1034 462 1060 nec
489 1020 624 1058 volunt
652 1029 726 1054 nec
756 1014 917 1052 omnino
947 1016 1082 1048 curant
1115 1020 1202 1051 nee,
1233 1004 1328 1054 quid
1357 1014 1525 1051 agamus,

132 1090 453 1132 animadvertunt,
474 1097 549 1123 nec
574 1090 643 1128 est,
665 1079 773 1130 quod
794 1079 842 1116 ab
869 1078 912 1114 iis
941 1075 991 1112 ad
1020 1074 1222 1111 hominum
1241 1071 1357 1106 vitam
1378 1078 1528 1116 perma-

84 1179 115 1203 ις
132 1169 224 1195 nare
243 1154 377 1204 possit,
397 1150 493 1200 quid
513 1155 570 1186 est
593 1145 701 1196 quod
730 1145 826 1181 ullos
851 1142 933 1178 deis
957 1136 1222 1176 inmortalibus
1249 1134 1385 1177 cultus,
1407 1132 1529 1168 hono-

133 1234 206 1267 res,
225 1230 362 1270 preces
391 1212 673 1254 adhibeamus?
729 1210 776 1246 In
804 1206 934 1255 specie
965 1211 1094 1240 autem
1124 1201 1236 1237 fictae
1266 1196 1529 1239 simulationis,

135 1287 234 1325 sicut
258 1284 427 1331 reliquae
447 1280 616 1322 virtutes,
641 1275 733 1312 item
762 1273 884 1321 pietas
914 1270 1039 1306 inesse
1069 1278 1149 1303 non
1177 1269 1318 1313 potest,
1343 1273 1433 1298 cum
1457 1271 1534 1307 qua

136 1350 248 1389 simul
267 1347 511 1386 sanctitatem
531 1349 571 1379 et
588 1339 816 1388 religionem
841 1335 922 1373 tolli
950 1343 1110 1370 necesse
1131 1336 1198 1374 est,
1220 1327 1358 1376 quibus
1378 1325 1533 1362 sublatis

136 1412 372 1465 perturbatio
392 1410 490 1446 vitae
519 1405 692 1454 sequitur
719 1409 758 1440 et
787 1411 928 1448 magna
955 1379 1153 1440 confusio}
1183 1400 1297 1440 atque
1328 1389 1430 1427 haud
1452 1389 1534 1425 scio
1561 1400 1579 1425 4

88 1498 122 1516 20
140 1492 189 1517 an
216 1478 360 1527 pietate
380 1473 562 1512 adversos
583 1469 680 1507 deos
704 1466 853 1504 sublata
880 1462 977 1500 fides
998 1461 1114 1498 etiam
1135 1465 1173 1495 et
1194 1456 1358 1494 societas
1387 1453 1536 1502 generis

140 1542 298 1582 humani
335 1546 374 1578 et
410 1550 488 1576 una
524 1531 845 1573 excellentissima
873 1528 1002 1571 virtus,
1034 1523 1186 1567 iustitia,
1218 1521 1400 1564 tollatur„v
1443 1518 1539 1555 Sunt

141 1615 272 1646 autem
302 1605 365 1643 alii
396 1599 630 1652 philosophi,
662 1604 700 1634 et
726 1596 751 1633 ii
782 1592 944 1643 quidem
978 1588 1108 1637 magni
1138 1594 1253 1634 atque
1285 1583 1445 1627 nobiles,
1472 1581 1540 1629 qui

142 1673 303 1711 deorum
327 1674 457 1707 mente
487 1672 601 1713 atque
630 1661 778 1699 ratione
807 1668 966 1695 omnem
996 1652 1186 1691 mundum
1215 1646 1468 1691 administrari
1501 1652 1540 1681 et

141 1737 222 1787 regi
242 1739 438 1778 censeant,
458 1740 586 1778 neque
606 1738 697 1764 vero
727 1724 768 1762 id
796 1723 933 1767 solum,
954 1718 1024 1757 sed
1054 1718 1169 1754 etiam
1199 1715 1247 1751 ab
1271 1712 1394 1750 isdem
1416 1711 1540 1747 homi-

93 1818 125 1843 25
143 1814 238 1841 num
256 1801 356 1838 vitae
377 1795 526 1835 consuli
545 1799 583 1831 et
611 1774 830 1841 provideri}
865 1798 958 1823 nam
987 1790 1025 1821 et
1053 1783 1179 1829 fruges
1206 1787 1244 1816 et
1262 1778 1420 1825 reliqua,
1441 1786 1540 1822 quae

143 1874 243 1905 terra
274 1864 407 1915 pariat,
439 1867 478 1898 et
509 1861 761 1906 tempestates
798 1864 843 1889 ac
882 1857 1104 1897 temporum
1134 1845 1334 1881 varietates
1367 1840 1542 1886 caelique

144 1930 389 1974 mutationes,
419 1925 558 1974 quibus
587 1920 729 1965 omnia,
759 1928 859 1966 quae
897 1921 997 1952 terra
1033 1912 1174 1960 gignat,
1205 1913 1392 1944 maturata
1420 1903 1544 1952 pube-

146 2001 268 2041 scant,
289 2006 312 2031 a
331 1992 390 2030 dis
411 1987 675 2028 inmortalibus
695 1982 810 2021 tribui
829 1979 961 2030 generi
984 1977 1156 2014 humano
1176 1977 1313 2021 putant
1333 1969 1543 2015 multaque,

147 2072 246 2110 quae
267 2058 444 2096 dicentur
462 2055 502 2091 in
530 2052 588 2088 his
616 2049 732 2093 libris,
753 2045 949 2093 colligunt,
971 2053 1070 2090 quae
1099 2038 1188 2075 talia
1216 2042 1316 2080 sunt,
1336 2040 1379 2071 ut
1397 2045 1444 2070 ea
1463 2032 1547 2079 ipsa

100 2141 132 2165 30
149 2125 214 2162 dei
246 2120 467 2160 inmortales
501 2116 552 2154 ad
584 2125 698 2152 usum
731 2110 935 2148 hominum
969 2103 1142 2143 fabricati
1175 2111 1300 2150 paene
1329 2093 1556 2134 videantur!

151 2190 297 2228 Contra
315 2198 412 2235 quos
434 2179 656 2221 Carneades
676 2178 728 2214 ita
755 2174 876 2212 multa
895 2170 1085 2214 disseruit,
1106 2174 1146 2204 ut
1167 2165 1351 2202 excitaret
1370 2161 1547 2198 homines

151 2265 231 2291 non
250 2249 434 2289 socordes
455 2247 504 2284 ad
522 2244 601 2282 veri
621 2237 877 2288 investigandi
898 2234 1163 2284 cupiditatem.
1221 2230 1301 2266 Res
1323 2227 1425 2264 enim
1446 2224 1549 2261 nulla
1574 2218 1591 2257 5

154 2324 223 2363 est,
244 2315 294 2353 de
320 2326 398 2363 qua
424 2317 625 2358 tantopere
654 2318 736 2343 non
764 2303 888 2341 solum
917 2297 1078 2343 indocti,
1100 2294 1170 2333 sed
1199 2294 1315 2330 etiam
1345 2289 1452 2327 docti
1473 2288 1548 2324 dis-

154 2380 320 2419 sentiant
335 2392 345 2425 ;
374 2387 540 2426 quorum
568 2371 772 2421 opiniones
802 2378 892 2403 cum
920 2371 1000 2401 tam
1018 2360 1143 2398 variae
1173 2358 1248 2395 sint
1271 2364 1428 2402 tamque
1452 2353 1551 2389 inter

106 2466 138 2491 ³⁵
156 2458 197 2484 se
231 2441 473 2485 dissidentes,
505 2438 667 2476 alterum
696 2432 777 2470 fieri
811 2429 987 2479 profecto
1020 2431 1160 2474 potest,
1194 2428 1236 2458 ut
1271 2431 1401 2457 earum
1434 2417 1549 2460 nulla,
