1714 2807
199 178 253 220 50
632 177 694 208 DE
724 177 914 209 NATURA
948 177 1161 210 DEORUM.

196 279 434 317 deliberandi
463 279 533 317 sibi
563 291 682 316 unum
703 278 807 315 diem
836 279 1039 326 postulavit
1054 292 1065 326 ;
1094 291 1184 316 cum
1214 279 1317 317 idem
1348 291 1395 317 ex
1422 291 1470 318 eo
1498 292 1586 329 pos-

195 344 306 381 tridie
327 350 538 392 quaereret,
559 343 720 381 biduum
741 343 872 391 petivit
888 357 898 389 3
928 355 1017 380 cum
1046 344 1198 392 saepius
1219 344 1433 392 duplicaret
1453 357 1586 382 nume-

195 422 278 446 rum
318 409 466 445 dierum
505 407 774 455 admiransque
816 407 938 444 Hiero
976 408 1196 455 requireret,
1231 420 1298 444 cur
1345 409 1396 445 ita
1432 409 1586 455 faceret,

196 474 373 521 ‘Quia,
408 478 607 520 quanto
646 471 850 508 diutius
885 471 1212 518 considero’,
1248 473 1382 520 inquit,
1414 476 1587 510 ‘tanto

194 538 319 574 mihi
366 549 446 573 res
488 535 702 572 videtur
748 535 1064 572 obscurior'.
1122 535 1199 573 Sed
1233 536 1458 574 Simoniden
1490 537 1586 574 arbi·
1614 551 1628 576 ⁵

194 610 271 638 tror
297 603 395 649 (non
418 602 519 637 enim
540 600 656 648 poeta
675 599 799 636 solum
829 600 964 645 suavis,
985 611 1117 636 verum
1138 601 1253 636 etiarn
1274 601 1471 649 ceteroqui
1492 601 1585 638 doc—

194 673 253 702 tus
274 666 502 713 sapiensque
532 663 728 710 traditur),
750 664 839 711 quia
867 664 985 700 multa
1004 664 1175 700 venirent
1206 664 1244 700 in
1274 671 1444 701 mentem
1476 671 1587 702 acuta

194 738 309 777 atque
341 729 503 774 subtilia,
534 728 789 773 dubitantem,
820 726 913 775 quid
945 739 1077 764 eorum
1109 734 1209 764 esset
1237 729 1488 774 verissimum,
1517 729 1584 766 de-

143 803 173 828 61
194 805 366 841 sperasse
387 805 544 829 omnem
564 793 773 829 veritatem.
832 791 1021 839 Epicurus
1041 803 1132 828 vero
1161 798 1247 828 tuus
1274 793 1384 839 (nam
1413 804 1501 829 cum
1523 793 1586 830 illo

194 858 294 894 malo
324 857 509 894 disserere
539 868 656 904 quarn
685 855 835 903 tecum)
863 854 956 902 quid
981 854 1085 900 dicit,
1107 855 1214 903 quod
1243 868 1322 892 non
1351 856 1471 894 modo
1502 857 1584 905 phi·
1606 872 1637 890 ιο

193 922 368 970 losophia
389 921 547 969 dignum
569 926 680 965 esset,
702 919 772 956 sed
792 918 980 955 mediocri
1000 918 1232 967 prudentia?

248 987 451 1034 Quaeritur
479 986 646 1033 primum
675 985 713 1020 in
743 995 789 1020 ea
807 983 1046 1031 quaestione,
1067 995 1166 1031 quae
1187 990 1244 1020 est
1264 983 1314 1021 de
1334 990 1468 1021 natura
1491 984 1584 1022 deo-

191 1063 288 1095 rum,
309 1051 433 1087 sintne
463 1049 503 1085 di
532 1060 656 1085 necne
686 1048 772 1084 sint.
831 1047 997 1084 Difficile
1028 1054 1084 1084 est
1113 1059 1265 1096 negare.
1323 1048 1465 1094 Credo,
1486 1049 1516 1086 si
1545 1050 1585 1086 in

192 1116 375 1151 contione
405 1121 621 1162 quaeratur,
655 1111 724 1149 sed
753 1112 792 1148 in
828 1111 939 1147 huius
975 1111 1083 1148 modi
1123 1123 1301 1148 sermone
1332 1119 1371 1148 et
1400 1125 1583 1150 consessu
1610 1102 1613 1103 ⁷

192 1180 428 1216 facillimum.
503 1178 639 1225 Itaque
678 1188 751 1223 ego
790 1176 871 1223 ipse
906 1175 1092 1223 pontifex,
1126 1176 1191 1223 qui
1229 1177 1482 1214 caerimonias
1526 1190 1582 1215 re·
1604 1195 1634 1219 ¹5

191 1245 429 1292 ligionesque
454 1242 627 1290 publicas
655 1240 895 1277 sanctissime
925 1239 1088 1276 tuendas
1117 1240 1286 1285 arbitror,
1309 1241 1339 1277 is
1368 1240 1455 1286 hoc,
1477 1241 1584 1289 quod

190 1308 357 1356 primum
378 1313 446 1351 est,
468 1317 550 1343 esse
572 1305 679 1350 deos,
701 1303 922 1352 persuaderi
943 1304 1035 1340 mihi
1056 1315 1136 1340 non
1156 1304 1340 1352 opinione
1362 1305 1497 1351 solum,
1514 1305 1584 1343 sed

191 1373 306 1408 etiam
335 1371 385 1407 ad
413 1371 611 1407 veritatem
640 1369 754 1417 plane
774 1368 899 1404 velim.
960 1367 1085 1404 Multa
1113 1368 1216 1404 enim
1245 1377 1463 1415 occurrunt,
1484 1382 1583 1417 quae

139 1444 172 1469 62
191 1436 433 1480 conturbent,
463 1440 504 1470 ut
533 1432 725 1470 interdum
755 1432 845 1469 nulli
875 1444 959 1469 esse
979 1432 1192 1470 videantur.
1250 1433 1326 1471 Sed
1346 1434 1446 1480 vide,
1467 1447 1583 1483 quam

190 1507 320 1537 tecum
340 1511 451 1547 agam
472 1498 674 1535 liberaliter
690 1511 699 1543 ;
729 1508 828 1544 quae
849 1497 1074 1534 communia
1092 1504 1180 1534 sunt
1199 1498 1308 1535 vobis
1329 1510 1418 1535 curn
1447 1499 1583 1536 ceteris
1601 1517 1634 1534 20

189 1564 440 1613 philosophis,
461 1574 540 1599 non
561 1562 758 1609 attingam,
779 1567 819 1597 ut
840 1560 915 1597 hoc
937 1561 1061 1609 ipsum
1080 1574 1089 1607 ;
1119 1562 1245 1610 placet
1271 1563 1376 1599 enim
1405 1563 1582 1600 omnibus

189 1630 265 1666 sere
286 1628 455 1675 mihique
478 1626 547 1674 ipsi
577 1626 614 1662 in
643 1626 774 1673 primis
794 1624 889 1661 deos
910 1637 1006 1662 esse.
1066 1626 1202 1673 Itaque
1231 1638 1310 1663 non
1339 1638 1470 1674 pugno
1486 1641 1495 1673 ;
1525 1639 1581 1664 ra-

188 1694 334 1730 tionem
355 1699 484 1728 tamen
506 1703 605 1735 eam,
626 1701 724 1737 quae
745 1701 768 1725 a
796 1696 832 1725 te
862 1688 1041 1733 adfertur,
1062 1702 1141 1726 non
1170 1690 1258 1726 satis
1289 1690 1437 1727 firmam
1475 1697 1581 1739 puto.

131 1757 309 1805 23Quod
343 1757 446 1793 enim
481 1755 654 1792 omnium
689 1754 861 1802 gentium
897 1766 1160 1802 generumque
1195 1754 1414 1791 hominibus
1449 1755 1500 1791 ita
1526 1755 1581 1792 vi-

189 1821 354 1865 deretur,
373 1820 412 1857 id
432 1820 521 1856 satis
541 1830 723 1866 magnum
745 1825 1013 1866 argumentum
1034 1829 1118 1854 esse
1139 1817 1277 1863 dixisti,
1296 1830 1362 1854 cur
1383 1830 1465 1855 esse
1486 1818 1581 1856 deos
1600 1839 1632 1863 25

188 1886 470 1922 confiteremur.
529 1882 648 1930 Quod
678 1894 766 1919 cum
797 1882 878 1918 leve
908 1894 977 1930 per
1004 1894 1056 1927 se,
1078 1889 1160 1918 tum
1194 1882 1310 1918 etiam
1343 1882 1478 1919 falsum
1512 1890 1580 1921 est.

188 1951 356 1987 Primum
378 1949 481 1985 enim
501 1946 606 1984 unde
627 1947 695 1983 tibi
714 1953 829 1983 notae
850 1953 938 1983 sunt
958 1946 1160 1994 opiniones
1180 1947 1408 1983 nationum?
1464 1947 1580 1995 Equi-

188 2015 280 2052 dem
301 2015 460 2051 arbitror
479 2013 616 2050 multas
638 2024 720 2049 esse
741 2019 874 2060 gentes
895 2012 948 2048 sic
971 2011 1192 2048 inmanitate
1214 2011 1398 2057 efferatas,
1415 2018 1457 2048 ut
1476 2012 1582 2061 apud

136 2093 170 2118 63
188 2092 252 2116 eas
272 2079 375 2115 nulla
394 2078 562 2125 suspicio
583 2077 745 2113 deorum
766 2077 824 2113 sit.
883 2075 1016 2123 Quid?
1072 2076 1270 2123 Diagoras,
1292 2075 1394 2115 ἄθεος
1414 2077 1479 2124 qui
1499 2077 1580 2113 dic-

187 2151 246 2181 tus
278 2150 347 2189 est,
377 2149 588 2190 posteaque
621 2140 851 2177 Theodorus
885 2151 1014 2176 nonne
1048 2146 1178 2187 aperte
1213 2139 1374 2176 deorum
1406 2146 1581 2177 naturam
1600 2161 1631 2184 30

188 2208 446 2244 sustulerunt?
503 2206 603 2242 Nam
639 2204 842 2241 Abderites
877 2203 1035 2252 quidem
1071 2205 1307 2251 Protagoras,
1339 2204 1446 2240 cuius
1484 2217 1506 2241 a
1542 2211 1580 2241 te

188 2271 308 2309 modo
329 2271 474 2308 mentio
495 2270 595 2306 sacta
624 2276 692 2313 est,
715 2268 904 2316 sophistes
933 2267 1170 2315 temporibus
1201 2265 1270 2303 illis
1290 2267 1350 2303 vel
1379 2268 1579 2313 maximus,

188 2349 277 2372 cum
298 2337 335 2372 in
356 2334 546 2383 principio
566 2333 648 2370 libri
670 2333 724 2369 sic
751 2332 964 2380 posuisset:
997 2334 1005 2349 ‘
1022 2331 1057 2368 D
1072 2342 1092 2367 e
1132 2330 1289 2376 divis,
1320 2343 1345 2367 n
1359 2343 1380 2367 e
1394 2344 1455 2379 qu
1469 2343 1490 2368 e
1528 2338 1580 2368 ut

188 2400 294 2436 sint
328 2409 496 2446 neque
534 2403 723 2434 utnon
757 2396 885 2441 sint,
917 2395 1086 2431 habeo
1120 2394 1338 2441 (licere’,
1371 2395 1578 2431 Athenien-

188 2464 286 2500 sium
321 2463 421 2500 iussu
452 2462 543 2498 urbe
573 2467 687 2509 atque
718 2472 808 2508 agro
839 2466 895 2498 est
929 2459 1199 2496 exterminatus
1234 2459 1391 2506 librique
1426 2459 1507 2495 eius
1540 2459 1578 2495 in
1597 2478 1628 2502 35
