1681 2752
403 165 488 194 LIB.
513 164 538 194 1.
583 164 663 194 cm.
691 164 978 196 xxvn-xmx.
1024 166 1063 205 ξς
1084 166 1198 207 75-80-
1442 170 1489 210 55

102 265 199 302 serre
220 277 354 302 censes
379 265 536 313 figuram
566 265 686 301 suae?
741 264 847 313 Quid
877 266 988 314 igitur
1016 267 1166 311 mirum,
1188 267 1218 303 si
1248 267 1323 304 hoc
1352 268 1493 306 eodem

101 329 222 366 modo
243 329 388 366 homini
409 335 543 365 natura
562 329 816 376 praescripsit,
836 335 877 365 ut
898 329 988 365 nihil
1010 330 1202 377 pulchrius
1223 342 1338 379 quam
1370 332 1492 369 homi-

101 405 191 430 nem
222 390 409 442 putaret[‚
444 403 531 428 earn
563 403 646 428 esse
684 404 853 437 causam,
885 404 953 428 cur
990 392 1086 430 deos
1124 393 1325 432 hominum
1363 397 1492 434 similis

100 455 342 506 putaremus]
358 457 376 492 ?

59 535 74 560 5
155 519 259 568 Quid
280 520 443 557 censes?
470 519 501 556 si
520 519 615 557 ratio
639 526 739 557 esset
759 519 797 557 in
817 520 950 565 beluis,
971 515 1056 558 non'
1071 504 1140 573 suo
1160 534 1333 572 quasque
1362 526 1492 573 generi
1510 540 1541 565 :s

99 584 304 633 plurimum
332 583 535 621 tributuras
564 584 705 620 fuisse?
759 585 808 620 At
837 584 1056 622 mehercule
1086 597 1159 634 ego
1195 587 1343 635 (dicam
1373 589 1547 634 enim,·2S

98 654 140 685 ut
168 647 312 696 sentio)
347 648 522 696 quamvis
552 659 680 684 amem
711 648 793 696 ipse
824 659 899 693 me,
934 655 1063 686 tamen
1094 662 1173 687 non
1203 651 1330 688 audeo
1361 651 1490 689 dicere

97 712 355 760 pulchriorem
385 724 468 749 esse
498 723 573 757 me,
603 723 720 760 quam
750 712 810 748 ille
841 712 951 748 fuerit
981 720 1121 759 taurus,
1143 715 1208 762 qui
1237 716 1339 752 vexit
1370 717 1489 754 Euro-

97 788 201 824 pam.
259 777 351 813 Non
374 776 477 813 enirn
497 775 682 813 hocloco
703 775 753 813 de
775 776 936 824 ingeniis
966 785 1030 814 aut
1059 777 1108 814 de
1138 779 1372 817 orationibus
1401 792 1489 818 nos-

48 856 80 873 10
97 841 172 886 tris,
197 840 267 878 sed
296 840 346 878 de
375 841 506 889 specie
535 840 732 889 figuraque
762 841 967 888 quaeritur.
1025 842 1175 889 Quodsi
1204 843 1347 891 fingere
1376 845 1488 882 nobis

97 911 135 941 et
155 905 310 953 iungere
331 906 470 942 formas
489 905 662 950 velimus,
684 905 805 952 qualis
826 905 886 942 ille
907 906 1116 943 maritimus
1145 907 1280 944 Triton
1309 908 1486 956 pingitur,

96 970 314 1006 natantibus
334 969 519 1006 invehens
540 969 660 1006 beluis
681 969 871 1006 adiunctis
893 969 1062 1007 humano
1085 971 1247 1018 corpori,
1270 973 1366 1008 nolis
1390 985 1485 1010 esse.

95 1033 252 1070 Difficili
286 1034 325 1070 in
347 1034 436 1071 loco
464 1045 604 1071 versor.
663 1035 731 1070 Est
761 1034 863 1070 enim
892 1034 947 1070 vis
977 1041 1081 1070 tanta
1109 1041 1276 1080 naturae,
1298 1043 1339 1072 ut
1368 1036 1486 1074 homo

94 1110 212 1135 nemo
230 1099 320 1135 velit
339 1099 411 1135 nisi
431 1098 598 1135 hominis
619 1098 749 1135 similis
770 1110 866 1135 esse.
924 1099 974 1134 Et
993 1097 1152 1146 quidem
1172 1099 1332 1136 formica
1359 1101 1484 1138 formi-
1505 1113 1536 1138 79

45 1179 75 1203 15
94 1174 176 1200 cae.
205 1149 213 1163 s
233 1162 309 1200 Sed
329 1169 459 1199 tamen
479 1163 588 1200 cuius
607 1163 802 1200 hominis?
830 1169 970 1211 quotus
991 1163 1094 1199 enim
1115 1163 1276 1211 quisque
1297 1164 1484 1202 formosus

93 1227 178 1264 est?
231 1227 392 1264 Athenis
423 1239 512 1264 cum
547 1239 685 1273 essem,
719 1239 740 1264 e
771 1227 949 1275 gregibus
982 1227 1222 1275 epheborum
1254 1228 1317 1264 vix
1349 1229 1486 1277 singuli

91 1291 390 1339 reperiebantur.
445 1291 585 1337 Video,
624 1290 718 1339 quid
756 1291 944 1336 adriseris,
983 1290 1053 1328 sed
1091 1291 1141 1328 ita
1179 1298 1309 1328 tamen
1347 1305 1387 1329 se
1425 1306 1484 1331 res

91 1354 219 1393 habet.
276 1354 431 1392 Deinde
465 1355 588 1401 nobis,
619 1356 684 1404 qui
715 1355 1022 1392 concedentibus
1052 1355 1291 1404 philosophis
1319 1358 1483 1406 antiquis

90 1418 387 1456 adulescentulis
429 1418 678 1465 delectamur,
721 1420 837 1456 etiam
878 1419 968 1456 vitia
1012 1431 1128 1467 saepe
1171 1420 1340 1457 iucunda
1383 1430 1482 1460 sunt.

40 1483 253 1520 20Naevus·
280 1484 320 1520 in
349 1483 509 1520 articulo
540 1484 649 1532 pueri
681 1483 848 1521 delectat
882 1484 1081 1520 Alcaeum.
1137 1485 1187 1520 At
1221 1492 1277 1521 est
1311 1487 1481 1534 corporis

90 1547 242 1584 macula
260 1559 417 1584 naevus.
474 1548 533 1584 Illi
552 1554 684 1584 tamen
714 1547 789 1584 hoc
818 1548 949 1584 lumen
969 1530 1219 1592 videbaturs
1239 1549 1288 1596 Q.
1311 1550 1480 1596 Catulus,

88 1611 200 1649 huius
219 1612 392 1659 collegae
413 1617 451 1648 et
470 1612 659 1648 familiaris
679 1612 797 1648 nostri
817 1618 936 1660 pater,
959 1611 1091 1649 dilexit
1111 1612 1347 1661 municipem
1373 1620 1482 1652 tuum

88 1675 289 1722 Roscium,
310 1676 349 1712 in
369 1687 487 1724 quem
507 1676 622 1713 etiam
641 1675 734 1713 illud
754 1682 812 1713 est
831 1676 936 1713 eius:

141 1773 506 1812 Constiterarn
552 1773 887 1811 exorientem
932 1775 1187 1811 Auroram
1233 1775 1372 1812 sorte
1410 1788 1479 1813 sa-

36 1854 68 1879 25
957 1838 1160 1884 lutans,

193 1903 316 1941 Cum
354 1903 537 1940 subito
574 1915 597 1939 a
633 1902 784 1940 laeva
822 1903 1053 1940 Roscius
1092 1903 1354 1941 exoritur.

138 1968 271 2004 Pace
308 1967 435 2004 mihi
471 1967 658 2013 liceat,
699 1967 986 2012 caelestes,
1026 1966 1209 2003 dicere
1247 1974 1442 2015 vestra,

191 2031 438 2069 Mortalis
476 2031 646 2069 visust
683 2031 964 2080 pulchrior
1001 2043 1117 2068 esse
1155 2031 1277 2069 deo.

85 2125 192 2162 Huic
225 2124 302 2162 deo
338 2125 557 2173 pulchrior3
596 2130 635 2162 at
667 2130 759 2170 erat,
791 2124 901 2161 sicuti
935 2124 1052 2162 hodie
1084 2131 1152 2170 est,
1184 2126 1476 2173 perversissimis

35 2207 67 2231 ³0
84 2188 216 2226 oculis.
275 2189 381 2236 Quid
400 2189 524 2235 refert,
545 2189 577 2226 si
597 2189 672 2226 hoc
693 2189 820 2237 ipsum
846 2188 988 2226 salsum
1008 2189 1059 2226 illi
1080 2196 1118 2226 et
1138 2196 1342 2226 venustum
1371 2190 1474 2227 vide-

82 2251 220 2290 batur?
273 2252 412 2290 Redeo
431 2252 483 2290 ad
503 2252 611 2291 deos.

138 2317 307 2364 Ecquos,
326 2317 357 2353 si
385 2329 466 2354 non
493 2323 572 2354 tam
602 2317 813 2363 strabones,
842 2323 880 2353 at
908 2317 1082 2365 paetulos
1112 2329 1194 2354 esse
1224 2311 1534 2379 arbitra1iit1r?{·{³

83 2391 228 2427 ecquos
256 2391 422 2416 naevum
449 2380 619 2417 habere?
655 2393 800 2428 ecquos
829 2381 930 2426 silos,
958 2380 1111 2426 flaccos,
1139 2381 1347 2428 frontones,
1369 2382 1473 2429 capi·
1493 2371 1505 2379 ”

82 2448 206 2490 tones,
225 2454 326 2491 quae
345 2449 434 2480 sunt
452 2443 493 2481 in
511 2444 651 2482 nobis?
677 2456 728 2481 an
746 2444 878 2482 onmia
897 2443 1105 2481 emendata
1130 2444 1169 2481 in
1198 2445 1295 2481 illis?
1351 2446 1475 2482 Detur
