1681 2752
389 149 472 179 Lm.
495 150 537 179 11.
583 150 1039 188 CAP.XXXVI,XXXV11.
1086 154 1124 192 ἐς
1143 154 1258 192 39-94.
1443 154 1518 193 ¹07

125 249 219 286 tanti
245 250 372 298 operis
403 250 573 298 tantique
605 251 783 288 muneris.
842 253 958 289 Nunc
989 259 1116 289 autem
1149 254 1241 290 mihi
1262 253 1440 291 videntur
1470 262 1577 296 ne36

125 313 307 361 suspicari
346 313 516 362 quidem,
551 322 694 362 quanta
731 316 778 352 sit
816 315 1085 353 admirabilitas
1124 318 1345 354 caelestium
1393 330 1517 355 rerum

124 384 240 424 atque
271 378 513 415 terrestrium.

180 442 371 490 Principio
399 443 501 479 enim
531 449 629 479 terra
659 444 729 480 sita
761 444 797 480 in
831 444 959 480 media
988 452 1093 492 parte
1126 445 1261 482 mundi
1291 447 1520 484 circumfusa
1538 455 1567 480 91

82 517 97 540 5
125 504 296 553 undique
317 514 374 542 est
395 506 466 542 hac
487 507 640 543 animali
671 508 912 556 spirabilique
944 516 1088 554 natura,
1111 510 1171 545 cui
1201 522 1345 547 nomen
1366 519 1422 547 est
1443 512 1517 555 aer,

125 569 319 607 Graecum
339 570 431 607 illud
452 571 622 619 quidem,
639 571 708 608 sed
729 580 956 620 perceptum
979 573 1053 609 iam
1073 580 1203 610 tamen
1224 587 1293 611 usu
1314 587 1336 611 a
1356 576 1492 612 nostris
1509 590 1518 621 ;

123 633 251 670 tritum
272 640 329 670 est
348 635 451 671 enim
473 647 542 683 pro
564 636 712 672 Latino.
772 637 892 673 Hunc
913 649 1039 674 rursus
1059 638 1302 686 amplectitur
1324 640 1519 677 inmensus

122 697 265 743 aether,
287 698 352 746 qui
381 706 532 736 constat
561 712 608 736 ex
639 700 827 737 altissimis
858 701 1020 749 ignibus.
1079 703 1304 740 Mutuemur
1330 703 1404 740 hoc
1425 716 1518 752 qno-

122 773 198 810 que
218 762 388 807 verbum,
410 762 636 811 dicaturque
661 770 741 801 tam
771 768 780 783 ‘
794 765 948 802 aether’
981 765 1128 812 Latine,
1149 778 1265 815 quarn
1285 767 1424 804 dicitur
1443 769 1518 813 aer,

74 839 105 857 ¹0
122 826 193 863 etsi
213 827 479 875 interpretatur
500 828 685 865 Pacuvius
702 843 709 865 :

177 914 304 960 Hoc,
335 913 464 962 quod
499 926 729 961 memor0‚
763 917 916 953 nostri
951 917 1157 961 caelum,
1185 919 1319 955 Graii
1354 919 1518 967 perhi-

1137 983 1255 1019 bent
1288 983 1519 1029 aethera3

122 1077 340 1125 quasivero
360 1089 439 1114 non
464 1078 600 1115 Graius
630 1078 705 1116 hoc
727 1078 842 1115 dicat.
901 1081 948 1116 At
980 1080 1114 1116 Latine
1144 1080 1321 1128 loquitur.
1379 1058 1415 1117 S'i
1436 1081 1518 1128 qui-

122 1141 212 1178 dem
233 1153 303 1178 nos
324 1154 402 1178 non
423 1143 529 1190 quasi
552 1143 702 1180 Graece
732 1143 955 1191 loquentem
986 1143 1199 1180 audiamus.
1258 1145 1386 1181 Docet
1415 1144 1518 1181 idem

72 1217 104 1241 ¹5
122 1206 196 1242 alio
216 1206 304 1243 loco
321 1220 328 1243 :

174 1304 451 1352 Graiugena
487 1303 545 1342 de
585 1305 711 1342 istoc
750 1306 909 1354 aperit
949 1306 1053 1354 ipsa
1091 1307 1268 1344 oratio.

120 1400 197 1438 Sed
234 1401 284 1438 ad
330 1402 475 1439 maiora
511 1402 727 1440 redeamus.
786 1404 845 1440 Ex
882 1403 1037 1440 aethere
1075 1404 1187 1452 igitur
1223 1405 1520 1442 innumerabiles
1539 1420 1571 1445 92

120 1465 296 1502 flammae
317 1466 485 1503 siderum
506 1468 683 1513 existunt,
705 1480 869 1516 quorum
898 1475 954 1505 est
984 1469 1164 1516 princeps
1196 1469 1253 1505 sol
1283 1470 1413 1505 onmia
1445 1470 1518 1506 cla-

119 1529 266 1566 rissima
297 1531 382 1567 luce
416 1531 665 1576 conlustrans,
695 1532 822 1569 multis
855 1532 1024 1580 partibus
1059 1533 1181 1569 maior
1213 1540 1327 1580 atque
1358 1534 1521 1581 amplior

70 1609 103 1626 20
121 1605 237 1642 quam
265 1600 364 1631 terra
392 1595 577 1641 universa,
599 1595 742 1632 deinde
772 1596 916 1644 reliqua
949 1596 1075 1633 sidera
1107 1597 1433 1645 magnitudinibus
1464 1599 1518 1634 in-

121 1658 275 1695 mensis.
332 1660 458 1707 Atque
491 1659 528 1696 hi
558 1661 653 1697 tanti
687 1661 794 1709 ignes
825 1667 981 1708 tamque
1015 1661 1122 1697 multi
1160 1673 1238 1697 non
1274 1661 1393 1699 modo
1426 1662 1519 1698 nihil

118 1729 262 1759 nocent
283 1724 388 1760 terris
409 1723 600 1772 rebusque
630 1725 880 1769 terrestribus,
902 1724 971 1761 sed
1004 1725 1055 1762 ita
1086 1732 1257 1773 prosunt,
1279 1732 1331 1770 ut,
1353 1726 1383 1762 si
1415 1734 1521 1763 mota

118 1786 207 1823 loco
228 1787 314 1832 sint,
337 1788 569 1836 conflagrare
591 1794 708 1825 terras
739 1801 900 1826 necesse
929 1790 976 1826 sit
1008 1801 1031 1826 a
1061 1790 1174 1826 tantis
1205 1789 1404 1827 ardoribus
1435 1803 1517 1827 mo-

119 1850 319 1888 deratione
340 1858 378 1889 et
397 1853 678 1901 temperatione
699 1853 858 1890 sublata.

69 1931 100 1955 25
173 1916 253 1952 Hic
274 1928 347 1964 ego
367 1928 446 1953 non
468 1917 582 1954 mirer
601 1929 684 1954 esse
706 1930 955 1966 quemquam,
976 1918 1042 1967 qui
1071 1919 1141 1956 sibi
1170 1918 1403 1967 persuadeat
1433 1907 1573 1976 cor-33}

117 1991 213 2028 pora
231 1980 424 2028 quaedam
444 1981 566 2018 solida
585 1988 700 2029 atque
722 1981 921 2019 individua
943 1983 980 2019 vi
1009 1989 1047 2019 et
1075 1983 1258 2031 gravitate
1288 1984 1386 2029 ferri,
1409 1996 1518 2019 mun-

118 2043 290 2092 dumque
311 2045 412 2082 effici
441 2046 726 2083 ornatissimum
747 2054 785 2083 et
805 2047 1108 2094 pulcherrimum
1138 2059 1186 2084 ex
1215 2059 1348 2084 eorum
1379 2059 1518 2095 corpo-

116 2120 201 2145 rum
222 2110 477 2146 concursione
498 2110 679 2147 fortuita?
735 2111 828 2147 Hoc
844 2111 910 2158 qui
930 2112 1121 2148 existimat
1140 2111 1222 2148 fieri
1241 2113 1424 2160 potuisse,
1439 2124 1519 2148 non

117 2172 309 2221 intellego,
330 2185 398 2210 cur
417 2186 496 2211 non
525 2174 630 2211 idem
649 2181 770 2222 putet,
791 2175 821 2211 si
850 2175 1147 2213 innumerabiles
1175 2176 1287 2213 unius
1319 2183 1358 2212 et
1387 2177 1518 2224 viginti

68 2251 101 2274 30
119 2236 262 2273 formae
293 2237 500 2275 litterarum
529 2238 591 2275 vel
621 2251 758 2275 aureae
788 2239 848 2275 vel
878 2240 1105 2287 qualeslibet
1135 2240 1264 2288 aliquo
1296 2241 1565 2285 coiciantur,f

118 2312 232 2348 posse
254 2313 302 2338 ex
321 2302 364 2338 iis
389 2302 428 2339 in
448 2308 588 2339 terram
617 2304 788 2340 excussis
819 2304 975 2341 annales
1007 2304 1135 2349 Ennii,
1156 2310 1199 2340 ut
1229 2303 1414 2351 deinceps
1446 2304 1519 2352 legi

118 2365 277 2412 possint,
299 2365 423 2412 effici;
454 2366 560 2414 quod
579 2367 712 2404 nescio
733 2380 783 2404 an
810 2379 859 2404 ne
891 2368 930 2404 in
960 2380 1039 2405 uno
1069 2367 1228 2416 quidem
1257 2380 1367 2404 versu
1398 2368 1519 2415 possit

117 2433 268 2466 tantum
287 2429 411 2467 valere
432 2431 596 2469 fortuna.
655 2432 722 2469 Isti
741 2439 870 2470 autern
892 2444 1010 2481 quern
1029 2431 1080 2469 ad
1110 2431 1272 2468 modum
1291 2431 1518 2468 adseverant
1536 2447 1568 2472 m
