1681 2752
422 163 552 196 L1B.1.
598 165 677 197 ΕΑΡ.
702 166 928 198 XVIII-XX:
968 169 1006 208 ἓξ
1024 178 1141 212 45-52.
1424 175 1478 215 47

88 263 202 301 etiarn
236 263 286 301 ad
316 272 554 302 venustatem
592 273 692 315 apta,
721 267 976 318 describeres
1009 271 1160 318 Quodsi
1194 274 1367 311 omnium
1399 276 1478 312 ani·
1498 287 1530 311 ⁴³

87 328 273 364 rnantium
295 329 454 365 sormam
476 330 591 366 vincit
613 330 778 368 hominis
799 333 929 379 figura,
951 333 1046 371 deus
1067 343 1195 373 autem
1217 339 1390 375 animans
1410 348 1478 384 est,

87 403 133 428 ea
154 392 271 440 figura
290 393 465 440 profecto
487 400 554 439 est,
576 406 674 441 quae
705 396 962 444 pulcherrima
982 399 1028 435 sit
1048 401 1221 437 omnium
1239 416 1248 447 3
1279 404 1478 450 quoniam—

86 467 159 502 que
181 455 276 492 deos
296 457 536 494 beatissimos
557 470 639 495 esse
661 467 823 505 constat,
842 461 975 498 beatus
996 471 1125 500 autem
1146 477 1229 502 esse
1246 467 1326 503 sine
1343 469 1479 505 virtute

44 532 58 554 s
85 531 201 556 nemo
220 527 348 568 potest
367 533 440 557 nec
461 521 575 558 virtus
605 523 686 559 sine
706 525 852 561 ratione
883 535 1058 564 constare
1089 540 1163 565 nec
1191 531 1286 567 ratio
1318 544 1478 579 usquam

85 583 209 620 inesse
230 584 301 620 nisi
330 584 368 621 in
390 584 555 622 hominis
576 587 707 635 figura,
729 588 895 625 hominis
917 603 999 627 esse
1021 593 1152 639 specie
1175 593 1269 630 deos
1291 596 1478 632 confiten—

83 646 176 683 dum
207 654 275 684 est.
334 649 420 685 Nec
440 656 568 686 tamen
591 663 637 688 ea
656 653 806 700 species
838 665 977 702 corpus
1007 663 1075 701 est,
1098 657 1166 693 sed
1187 659 1295 706 quasi
1327 672 1479 708 corpus,
1499 671 1531 695 41)

82 722 156 747 nec
180 711 295 748 habet
323 713 562 761 sanguinem,
583 715 652 751 sed
673 716 781 763 quasi
810 718 1048 766 sanguinem.
1108 721 1221 757 Haec
1242 735 1476 771 quamquam
1491 725 1538 764 19
1564 726 1573 735 '

82 782 120 811 et
141 775 294 812 inventa
322 784 409 813 sunt
442 778 590 815 acutius
612 786 649 815 et
670 779 775 816 dicta
804 781 976 819 subtilius
1008 784 1056 820 ab
1089 785 1270 832 Epicuro,
1293 800 1408 834 quam
1441 796 1480 825 ut

34 853 65 871 ιο
82 840 203 887 quivis
224 852 270 877 ea
289 842 410 889 possit
430 854 652 891 agnoscere,
673 850 805 881 tamen
833 845 949 883 fretus
979 848 1241 897 intellegentia
1259 859 1383 888 vestra
1403 852 1478 889 dis-

81 916 166 941 sero
198 905 359 951 brevius,
381 918 496 954 quam
531 919 648 944 causa
676 908 882 947 desiderat.
933 903 1132 960 'Epicurus
1164 922 1306 961 autem,
1327 917 1392 963 qui
1422 930 1481 954 res

81 968 251 1006 occultas
271 976 310 1006 et
328 971 481 1018 penitus
501 971 652 1009 abditas
681 985 761 1010 non
790 958 910 1011 modo
930 976 1068 1013 viderit
1098 979 1241 1024 animo,
1264 980 1334 1017 sed
1365 982 1481 1018 etiam

81 1032 135 1069 sic
156 1040 302 1079 tractet,
324 1041 365 1070 ut
384 1047 514 1081 manu,
536 1035 655 1073 docet
674 1049 761 1074 eam
786 1050 870 1075 esse
891 1040 968 1076 vim
989 1047 1027 1077 et
1048 1049 1222 1079 naturam
1243 1043 1418 1091 deorum,
1440 1053 1482 1082 ut

79 1097 246 1145 primum
265 1110 344 1135 non
372 1110 498 1145 sensu,
519 1100 589 1137 sed
613 1108 742 1138 mente
764 1111 940 1140 cernatur
955 1118 966 1150 3
997 1117 1071 1142 nec
1101 1107 1290 1144 soliditate
1311 1109 1481 1156 quadam

33 1178 62 1202 ις
81 1173 154 1198 nec
180 1161 231 1198 ad
254 1174 469 1208 numerum,
490 1171 532 1200 ut
561 1176 618 1209 ea,
640 1177 739 1213 quae
771 1167 830 1203 ille
862 1176 1020 1216 propter
1048 1170 1266 1208 firmitatem
1287 1173 1483 1221 στερέμνια

79 1225 258 1274 appellat,
288 1226 358 1264 sed
391 1227 621 1276 imaginibus
651 1230 899 1268 similitudine
931 1240 970 1269 et
1009 1235 1232 1272 transitione
1274 1239 1480 1286 percepti3‚

80 1301 168 1326 curn
189 1291 336 1327 infinita
355 1292 642 1330 simillumarum
673 1295 883 1344 imaginum
913 1298 1029 1334 series
1062 1310 1109 1335 ex
1140 1300 1482 1340 innumerabilibus

78 1353 282 1403 individuis
303 1356 439 1393 existat
458 1363 496 1393 et
516 1354 566 1394 ad
586 1370 657 1395 nos
677 1359 820 1396 adfluat
835 1374 845 1406 3
866 1367 948 1397 tum
968 1363 1143 1400 maximis
1163 1364 1420 1413 voluptatibus
1441 1368 1481 1404 in

79 1430 142 1455 eas
162 1419 347 1468 imagines
367 1428 539 1458 mentem
570 1422 756 1460 intentam
789 1425 1024 1474 infixamque
1055 1435 1225 1481 nostram
1256 1430 1480 1479 intellegen-

28 1498 61 1516 20
78 1482 169 1519 tiam
190 1495 341 1532 capere,
363 1496 462 1533 quae
482 1486 529 1522 sit
550 1492 587 1523 et
613 1487 727 1524 beata
756 1494 890 1525 natura
919 1496 956 1526 et
986 1497 1185 1529 aeternas
1212 1494 1369 1531 Summa
1387 1508 1478 1532 vero
1496 1511 1530 1536 50

76 1547 130 1584 vis
151 1548 345 1586 infinitatis
372 1555 411 1586 et
440 1562 580 1598 magna
612 1563 658 1588 ac
688 1551 862 1600 diligenti
894 1556 1223 1604 contemplatione
1255 1558 1480 1606 dignissima

77 1618 146 1658 est,
162 1612 201 1649 in
216 1624 294 1661 qua
313 1614 480 1663 intellegi
501 1627 662 1652 necesse
683 1623 740 1653 est
761 1629 847 1654 eam
868 1630 951 1656 esse
971 1627 1159 1667 naturam,
1182 1629 1222 1658 ut
1242 1624 1373 1660 omnia
1392 1637 1477 1661 om-

75 1676 186 1714 nibus
223 1679 376 1726 paribus
421 1680 528 1727 paria
573 1681 848 1729 respondeant.
926 1684 1044 1721 Hanc
1084 1686 1272 1735 ἰσονομίαν
1309 1689 1478 1736 appellat

77 1741 276 1789 Epicurus,
298 1742 338 1780 id
368 1750 424 1780 est
454 1745 697 1793 aequabilem
726 1747 987 1786 tributionem.
1020 1739 1107 1786 'Ex
1138 1750 1210 1787 hac
1241 1751 1352 1799 igitur
1382 1753 1474 1790 illud

25 1821 56 1846 2⁵
75 1805 247 1852 efficitur,
268 1808 299 1844 si
319 1809 538 1846 mortalium
557 1816 664 1847 tanta
683 1811 889 1849 multitudo
911 1813 970 1858 sit,
993 1825 1077 1850 esse
1113 1814 1370 1853 inmortalium
1394 1830 1474 1855 non

74 1870 274 1918 minorem,
306 1878 345 1909 et
375 1873 417 1918 si,
439 1885 538 1922 quae
570 1874 801 1921 interimant,
832 1877 1126 1915 innumerabilia
1155 1880 1241 1925 sint,
1267 1882 1383 1918 etiam
1415 1894 1471 1928 ea,

73 1945 171 1982 quae
205 1943 446 1983 conservent,
478 1938 626 1976 infinita
659 1951 742 1977 esse
777 1940 933 1979 debere.
992 1943 1042 1979 Et
1075 1955 1260 1991 quaerere
1293 1957 1315 1981 a
1347 1947 1470 1992 nobis,
1512 1969 1519 1973 -

74 1998 203 2045 Balbe,
220 1999 360 2047 soletis,
376 2013 476 2050 quae
496 2003 573 2040 vita
592 2002 755 2042 deorum
776 2005 834 2050 sit,
850 2017 1029 2054 quaeque
1050 2008 1098 2044 ab
1115 2008 1158 2044 iis
1172 2008 1334 2057 degatur
1353 2018 1470 2048 aetas.

74 2061 132 2098 Ea
149 2062 340 2111 videlicet,
362 2077 439 2113 qua
467 2066 560 2104 nihil
587 2068 748 2114 beatius,
774 2069 868 2106 nihil
897 2071 1077 2108 omnibus
1106 2072 1218 2109 bonis
1252 2073 1468 2112 affluentius
1488 2089 1517 2113 51

22 2140 55 2165 ³0
73 2127 230 2174 cogitari
248 2135 388 2176 potest.
447 2130 553 2167 Nihil
582 2132 684 2168 enim
706 2133 794 2181 agit,
815 2134 926 2171 nullis
958 2136 1280 2183 occupationibus
1312 2145 1368 2174 est
1410 2139 1466 2174 in-

71 2189 244 2238 plicatus,
273 2192 375 2229 nulla
408 2205 527 2242 opera
557 2196 721 2242 molitur,
755 2209 822 2234 sua
856 2199 1045 2246 sapientia
1077 2207 1115 2236 et
1145 2201 1280 2238 virtute
1311 2203 1466 2250 gaudet,

71 2251 186 2291 habet
205 2255 444 2313 exploratum
463 2259 542 2295 fore
563 2271 604 2296 se
625 2272 778 2309 semper
797 2274 886 2299 cum
906 2263 945 2299 in
975 2265 1161 2309 maximis,
1183 2266 1324 2309 tumfin
1344 2275 1463 2303 aeter-

70 2316 128 2354 nis
147 2316 436 2367 voluptatibus.'
474 2322 593 2360 Hunc
624 2323 740 2362 deum
771 2326 840 2362 rite
871 2326 1028 2364 beatum
1055 2328 1274 2375 dixerimus,
1295 2338 1462 2368 vestrum

69 2392 159 2418 vero
192 2382 542 2424 laboriosissimum.
566 2374 573 2394 ⁸
600 2388 684 2425 Sive
706 2389 809 2426 enirn
839 2390 920 2438 ipse
951 2392 1118 2429 mundus
1149 2392 1244 2430 deus
1280 2401 1347 2439 est,
1369 2396 1463 2443 quid

20 2457 52 2482 35
70 2450 196 2492 potest
226 2458 309 2484 esse
339 2448 463 2486 minus
484 2450 657 2498 quietum
676 2463 794 2501 quam
821 2454 925 2491 nullo
955 2462 1102 2503 puncto
1133 2459 1316 2505 temporis
1349 2459 1460 2496 inter-

1476 2315 1524 2349 20

1483 2359 1514 2383 52

9 2572 31 2593 Ὀ
