1681 2752
79 847 110 864 10

80 1492 113 1509 20

82 1813 114 1837 25

373 151 541 181 L113.111.
587 148 1045 181 cmxxxv-xxxvnr
1093 148 1131 187 ξς
1150 147 1266 189 85-90·
1437 136 1509 186 165

125 253 254 298 nisset,
287 252 408 289 Musis
442 252 581 288 bovem
616 250 834 287 immolasse
864 249 1028 295 dicitur;
1067 247 1137 285 sed
1171 248 1210 285 id
1243 247 1402 296 quidem
1436 259 1515 283 non

125 316 256 362 credo,
287 316 470 365 quoniam
510 315 569 352 ille
610 326 658 351 ne
693 314 859 363 Apollini
894 312 1051 362 quidem
1092 312 1205 350 Delio
1244 312 1407 348 hostiam
1447 311 1514 347 im-

125 380 268 417 molare
289 380 418 425 voluit,
439 391 487 416 ne
508 390 611 415 aram
633 378 816 427 sanguine
837 384 1066 425 aspergeret.
1125 376 1185 413 Ad
1206 388 1286 412 rem
1318 383 1447 412 autem
1478 381 1518 411 ut

125 444 295 490 redeam,
317 443 501 480 iudicium
523 442 598 479 hoc
629 442 801 479 omnium
832 441 1049 478 mortalium
1079 447 1148 486 est,
1170 441 1360 477 fortunam
1390 452 1412 476 a
1441 439 1517 476 deo
1546 458 1595 473 2-

127 507 348 557 peteudam,
366 520 388 544 a
403 520 443 544 se
465 507 548 555 ipso
570 505 799 543 sumendam
822 517 905 542 esse
926 505 1166 553 sapientiam.
1225 504 1409 552 Quamvis
1430 503 1519 540 licet

128 573 251 610 Menti
272 572 431 610 delubra
451 578 488 608 et
509 571 646 608 Virtuti
678 577 716 608 et
747 569 856 607 Fidei
886 582 1171 614 consecremus,
1194 576 1323 606 tamen
1354 569 1450 605 haec
1480 569 1518 605 in

126 637 236 674 nobis
258 636 347 685 ipsis
377 636 448 673 sita
476 635 652 672 videmus
670 648 680 681 ς
711 635 811 683 Spei,
834 635 983 680 Salutis,
1005 634 1114 683 Opis,
1135 633 1330 670 Victoriae
1361 633 1519 670 facultas

127 714 149 738 a
164 700 223 738 dis
239 700 459 749 expetenda
478 707 547 737 est.
608 699 866 749 Inproborum
888 699 999 748 igitur
1018 699 1289 747 prosperitates
1306 697 1518 735 secundae·
1549 715 1604 729 aa

127 778 203 814 que
231 778 291 803 res
319 765 563 814 redarguunt,
585 772 626 801 ut
656 765 853 812 Diogenes
875 763 1041 809 dicebat,
1062 763 1138 799 vim
1168 774 1325 800 omnem
1357 761 1518 798 deorum

127 843 172 867 ac
202 837 445 878 potestatem.
503 831 553 866 At
580 841 660 866 non
689 840 901 877 numquam
929 828 1054 865 bonos
1084 827 1206 864 exitus
1236 827 1380 863 habent
1412 826 1518 863 boni.

129 896 207 932 Eos
228 894 386 943 quidem
407 894 606 942 arripimus
636 893 952 941 attribuimusque
983 893 1064 929 sine
1094 892 1170 928 ulla
1198 892 1345 928 ratione
1375 890 1434 927 dis
1465 891 1520 926 in—

128 959 362 996 mortalibus.
419 960 469 996 At
491 958 675 1007 Diagoras
697 970 786 994 cum
810 957 1098 995 Samothracam
1127 957 1306 1000 venisset,
1328 955 1430 993 ἄθεος
1460 955 1520 991 ille

129 1024 194 1071 qui
223 1023 372 1069 dicitur,
402 1030 518 1071 atque
548 1023 583 1059 ei
613 1021 769 1071 quidam
800 1022 946 1058 amicus
977 1022 1083 1066 ‘Tu,
1113 1021 1193 1068 qui
1230 1020 1346 1056 deos
1380 1026 1521 1067 putas

129 1088 333 1124 humana
387 1087 667 1136 neglegere,
721 1097 878 1123 nonne
935 1084 1284 1122 animadvertis
1342 1096 1396 1120 ex
1451 1090 1522 1120 tot

1530 807 1575 842 37

1539 852 1572 877 ἐξ]

98 1152 307 1189 -tabulis
345 1152 504 1200 pictis,
543 1163 682 1200 quarn
720 1150 856 1187 multi
900 1150 1025 1186 votis
1074 1150 1165 1186 vim
1213 1148 1522 1197 tempestatis

129 1213 392 1262 effugerint
430 1213 477 1249 in
514 1218 803 1260 portumque
842 1210 961 1247 salvi
1008 1209 1388 1258 pervenerint?',
1428 1209 1524 1245 ‘Ita

129 1278 224 1324 fit‘,
255 1278 402 1326 inquit3
443 1277 537 1314 ‘illi
566 1276 691 1313 enim
720 1287 954 1324 nusquam
984 1275 1105 1323 picti
1135 1280 1265 1319 sunt,
1296 1274 1379 1322 qui
1407 1285 1523 1310 nau-

129 1343 282 1391 fragia
309 1342 532 1378 fecerunt
560 1341 599 1377 in
629 1340 843 1389 marique
872 1339 1147 1388 perierunt.’
1207 1337 1409 1386 Idemque,
1432 1350 1522 1374 cum

130 1407 166 1444 ei
198 1406 391 1455 naviganti
422 1413 597 1442 vectores
635 1404 795 1441 adversa
831 1410 1060 1452 tempestate
1099 1402 1224 1439 timidi
1262 1409 1300 1439 et
1337 1402 1525 1450 perterriti

131 1471 306 1509 dicerent
337 1483 415 1508 non
451 1471 586 1507 iniuria
615 1470 686 1506 sibi
716 1468 808 1506 illud
837 1468 1028 1513 accidere,
1062 1468 1127 1516 qui
1156 1468 1260 1504 illum
1289 1467 1328 1503 in
1358 1465 1525 1503 eandem

130 1547 269 1573 navem
302 1535 549 1583 recepissent,
581 1533 749 1571 ostendit
784 1533 838 1570 eis
871 1533 910 1569 in
943 1532 1085 1569 eodem
1118 1544 1230 1568 cursu
1263 1531 1401 1567 multas
1434 1530 1525 1567 alias

130 1600 337 1638 laborantis
358 1599 633 1648 quaesivitque,
654 1610 748 1634 num
770 1597 884 1634 etiam
906 1598 944 1634 in
964 1597 1007 1633 iis
1027 1596 1187 1633 navibus
1210 1596 1417 1644 Diagoram
1438 1594 1526 1631 vehi

132 1664 347 1702 crederent.
404 1664 465 1702 Sic
486 1663 589 1700 enim
609 1675 669 1700 res
690 1675 730 1699 se
751 1662 878 1707 habet,
899 1670 940 1698 ut
960 1661 1009 1698 ad
1029 1672 1253 1710 prosperam
1278 1659 1526 1696 adversamve

131 1730 336 1775 fortunam,
356 1728 477 1777 qualis
505 1728 555 1765 sis
585 1734 649 1764 aut
669 1739 785 1776 quem
815 1725 865 1764 ad
894 1725 1054 1763 modum
1078 1725 1226 1769 vixeris,
1249 1724 1341 1761 nibil
1370 1724 1526 1761 intersit.

133 1795 224 1831 Non
254 1792 572 1838 animadvertunt,
595 1792 728 1840 inquit,
750 1791 881 1829 omnia
907 1790 958 1836 di,
980 1802 1028 1827 ne
1057 1802 1166 1838 reges
1193 1788 1364 1837 quidem.
1422 1787 1528 1836 Quid
1545 1800 1579 1826 90

133 1865 191 1896 est
211 1858 362 1896 simile?
408 1858 538 1906 Reges
558 1857 661 1894 enim
682 1857 712 1893 si
734 1856 898 1893 scientes
919 1855 1239 1903 praetermittunt,
1255 1864 1395 1901 magna
1414 1852 1529 1900 culpa

134 1930 217 1970 est;
246 1928 284 1959 at
312 1921 389 1960 deo
421 1934 471 1959 ne
503 1921 699 1959 excusatio
729 1919 888 1969 quidem
918 1926 975 1956 est
1008 1918 1244 1955 inscientiae.
1301 1917 1432 1964 Quem
1459 1928 1527 1953 vos
1538 1920 1588 1955 38

132 1987 327 2036 praeclare
366 1985 585 2032 defenditis,
620 1997 710 2022 cum
748 1984 874 2022 dicitis
913 1996 999 2020 eam
1032 1983 1109 2019 vim
1143 1982 1306 2019 deorum
1344 1992 1441 2026 esse,
1475 1987 1528 2025 ut,

134 2051 284 2089 etiamsi
316 2051 400 2099 quis
438 2057 560 2088 morte
599 2061 745 2099 poenas
784 2048 936 2086 sceleris
976 2047 1160 2095 effugerit,
1195 2051 1424 2094 expetantur
1460 2056 1529 2081 eae

85 2136 118 2160 30
134 2127 287 2165 poenae
308 2127 330 2152 a
348 2115 488 2160 liberis,
509 2127 531 2151 a
549 2114 768 2163 nepotibus,
791 2125 813 2149 a
835 2112 1009 2161 posteris.
1067 2111 1103 2149 O
1134 2111 1269 2147 miram
1298 2109 1530 2157 aequitatem

88 2456 119 2481 3⁵

135 2179 299 2218 deorum
317 2181 324 2217 Ξ
383 2180 564 2216 Fer-retne
598 2178 730 2215 civitas
768 2177 844 2214 ulla
880 2177 1038 2213 latorem
1074 2175 1180 2212 istius
1214 2173 1322 2211 modi
1354 2173 1459 2222 legis,
1489 2178 1531 2209 ut

137 2244 461 2282 condemnaretur
480 2243 577 2279 filius
597 2249 662 2279 aut
682 2254 817 2290 nepos,
838 2241 869 2278 si
889 2247 997 2289 pater
1017 2247 1080 2276 aut
1101 2252 1192 2276 avus
1214 2238 1465 2286 deliquisset?

245 2319 453 2367 Quinam
481 2316 848 2354 Tantalidarum
878 2314 1212 2353 internecioni
1241 2312 1410 2350 modus

245 2382 478 2421 Paretur?
505 2387 585 2418 aut
613 2392 849 2430 quaenam
877 2381 1099 2428 umquam
1128 2378 1187 2415 ob
1217 2383 1420 2414 mortem

1132 2440 1318 2490 My'rtili
