1681 2752
430 177 514 208 Llss.
541 178 585 208 11.
631 177 711 208 cm».
734 177 962 208 LVI-LVIII.
1009 179 1047 218 §g
1071 186 1226 220 140-145.
1449 179 1521 220 125

131 284 321 315 verterent
336 292 346 325 3
377 279 556 326 aciesque
591 279 683 326 ipsa,
710 290 787 326 qua
819 279 1024 324 cernimus,
1053 291 1151 326 quae
1183 279 1327 326 pupula
1357 287 1526 324 vocatur,

132 343 183 378 ita
203 355 316 390 parva
336 350 404 387 est,
426 349 467 379 ut
487 354 544 387 ea,
566 355 665 390 quae
694 354 836 379 nocere
866 343 1025 390 possint,
1048 343 1157 379 facile
1179 343 1282 387 vitet,
1305 343 1526 390 palpebrae-

131 418 218 454 que,
240 419 337 454 quae
359 413 445 443 sunt
467 413 661 454 tegmenta
682 407 894 450 oculorum,
918 407 1160 442 mollissimae
1182 414 1300 451 tactu,
1323 419 1369 443 ne
1401 408 1526 444 laede·

131 478 214 506 rent
243 471 379 515 aciem,
401 470 595 517 aptissime
626 470 748 506 factae
770 477 807 506 et
829 470 878 506 ad
903 469 1139 507 claudendas
1170 471 1343 518 pupulas,
1366 483 1413 508 ne
1436 472 1528 519 quid

90 551 104 574 s
132 534 330 579 incideret,
361 541 399 570 et
429 533 479 570 ad
510 534 750 581 aperiendas,
781 534 898 582 idque
930 534 1097 582 providit
1127 541 1168 570 ut
1203 534 1416 571 identidem
1450 536 1528 572 fieri

131 604 261 646 posset
299 610 388 634 cum
427 599 594 634 maxima
632 598 839 635 celeritate.
906 599 1159 646 Munitaeque
1199 606 1285 635 sunt
1323 600 1527 648 palpebrae
1541 607 1587 632 1⁴3

130 669 327 710 tamquam
355 662 452 698 vallo
481 662 657 710 pilorum,
672 663 818 712 'quibus
846 668 885 698 et
915 662 1055 710 apertis
1088 663 1220 708 oculis,
1249 664 1279 700 si
1311 663 1404 711 quid
1435 665 1528 700 inci-

131 726 252 771 deret,
273 726 530 774 repelleretur,
559 733 597 763 et
625 738 764 763 somno
792 727 1073 772 coniventibus,
1104 739 1194 763 cum
1223 728 1342 765 oculis
1370 728 1419 765 ad
1448 741 1528 764 cer-

132 790 303 826 nendum
325 802 403 826 non
425 802 637 838 egeremus,
655 796 695 826 ut
716 790 739 826 ii
764 797 960 838 tamquam
978 790 1137 826 involuti
1158 790 1410 838 quiescerent.
1459 794 1528 830 La-

83 871 114 886 ιο
133 861 212 890 tent
239 860 436 901 praeterea
465 854 605 890 utiliter
635 860 673 890 et
703 854 862 890 excelsis
895 853 1065 902 undique
1098 854 1267 902 partibus
1298 857 1528 904 saepiuntur.

141 919 308 955 Primum
328 919 431 955 enim
452 919 647 967 superiora
667 919 878 966 superciliis
900 919 1073 955 obducta
1093 919 1274 956 sudorem
1301 932 1323 956 a
1352 922 1476 968 capite
1499 929 1535 957 et

137 983 260 1020 fronte
292 983 526 1019 defluentem
558 983 772 1030 repellunt;
807 995 928 1031 genae
962 983 1105 1020 deinde
1140 984 1188 1020 ab
1220 984 1395 1021 inferiore
1430 993 1535 1032 parte

138 1053 308 1084 tutantur
335 1047 530 1084 subiectae
563 1047 774 1094 leniterque
807 1048 1021 1084 eminentes
1038 1061 1048 1093 3
1078 1060 1270 1095 nasusque
1305 1049 1356 1085 ita
1389 1049 1536 1086 locatus

138 1119 207 1157 est,
234 1118 275 1148 ut
304 1112 412 1159 quasi
444 1124 572 1148 murus
606 1111 727 1148 oculis
761 1112 982 1148 interiectus
1017 1124 1100 1148 esse
1131 1112 1315 1150 videatur.
1372 1114 1595 1151 Auditus144

89 1191 119 1215 ιε
138 1182 266 1212 autem
298 1187 450 1223 semper
479 1181 610 1223 patet3
646 1175 727 1211 eius
760 1176 862 1212 enim
892 1188 1005 1213 sensu
1036 1176 1151 1212 etiam
1182 1176 1418 1214 dormientes
1448 1190 1535 1226 ege-

138 1252 222 1277 mus
239 1253 248 1286 3
278 1251 301 1276 a
320 1251 398 1287 quo
417 1252 507 1276 cum
527 1251 644 1276 sonus
665 1246 722 1276 est
741 1246 936 1288 acceptus,
959 1241 1074 1276 etiam
1104 1252 1125 1277 e
1155 1252 1292 1277 somno
1313 1242 1535 1280 excitamur.

141 1304 373 1341 Flexuosum
402 1304 473 1340 iter
501 1303 628 1348 habet,
651 1315 699 1340 ne
721 1303 814 1351 quid
843 1305 980 1341 intrare
1015 1305 1146 1353 possit,
1168 1305 1197 1341 si
1229 1306 1391 1353 simplex
1411 1313 1449 1342 et
1469 1306 1536 1343 de-

138 1375 286 1406 rectum
320 1374 492 1417 pateret3
532 1369 726 1416 provisum
764 1369 891 1414 etiam,
924 1375 977 1414 ut,
1012 1369 1042 1405 si
1077 1381 1153 1417 qua
1186 1370 1344 1406 minima
1377 1371 1538 1407 bestiola

139 1440 341 1470 conaretur
369 1433 598 1481 inrumpere,
621 1433 659 1469 in
689 1432 866 1469 sordibus
898 1433 1046 1470 aurium
1078 1440 1276 1481 tamquam
1298 1435 1335 1470 in
1355 1435 1460 1471 visco
1481 1436 1535 1471 in-

90 1509 123 1527 20
141 1498 392 1534 haeresceret.
451 1498 568 1534 Extra
601 1503 731 1533 autem
765 1497 937 1534 eminent
964 1509 1063 1545 quae
1092 1498 1332 1546 appellantur
1360 1511 1468 1536 aures
1500 1506 1538 1536 et

141 1561 299 1610 tegendi
329 1574 445 1598 causa
476 1562 598 1598 factae
632 1561 859 1609 tutandique
891 1573 1037 1607 sensus,
1065 1569 1103 1598 et
1133 1574 1182 1598 ne
1216 1562 1392 1599 adiectae
1420 1575 1537 1600 voces

141 1626 356 1663 laberentur
375 1633 490 1674 atque
511 1632 689 1670 errarent,
710 1626 812 1674 prius
835 1637 950 1673 quam
971 1638 1105 1663 sensus
1127 1627 1175 1663 ab
1196 1627 1238 1663 iis
1264 1627 1394 1675 pulsus
1425 1634 1536 1665 esset.

142 1690 218 1728 Sed
248 1689 364 1727 duros
394 1697 431 1727 et
461 1690 568 1738 quasi
599 1690 802 1727 corneolos
837 1690 979 1727 habent
1012 1691 1186 1727 introitus
1216 1692 1420 1739 multisque
1448 1704 1537 1728 cum

142 1754 313 1800 flexibus,
335 1754 441 1803 quod
472 1754 529 1791 his
562 1755 705 1791 naturis
734 1754 872 1791 relatus
902 1755 1156 1802 amplificatur
1185 1767 1301 1792 sonus
1318 1769 1328 1801 3
1358 1757 1539 1804 quocirca

92 1832 123 1857 25
143 1826 181 1856 et
200 1819 238 1855 in
259 1818 397 1856 fidibus
417 1818 609 1856 testudine
630 1825 829 1856 resonatur
854 1825 919 1856 aut
948 1831 1080 1864 cornu,
1102 1825 1140 1856 et
1169 1831 1217 1856 ex
1245 1821 1423 1857 tortuosis
1444 1821 1537 1857 locis

143 1889 181 1920 et
200 1883 354 1920 inclusis
374 1884 462 1920 som·
478 1884 690 1921 referuntur
709 1884 926 1932 ampliores.
986 1884 1164 1921 Similiter
1182 1896 1304 1928 nares,
1319 1896 1417 1932 quae
1438 1896 1536 1921 sem-
1550 1894 1598 1919 145

142 1959 212 1996 per
242 1953 398 1996 propter
430 1948 664 1985 necessarias
698 1948 877 1985 utilitates
911 1955 1056 1996 patent,
1087 1948 1362 1985 contractiores
1396 1948 1540 1985 habent

143 2011 329 2057 introitus,
350 2023 400 2049 ne
421 2011 516 2060 quid
545 2012 583 2049 in
614 2024 689 2058 eas,
711 2012 819 2061 quod
849 2019 1003 2058 noceat,
1033 2013 1154 2061 possit
1185 2012 1408 2061 pervadere,
1430 2025 1538 2049 umo-

143 2087 300 2124 remque
321 2087 474 2124 semper
498 2076 641 2113 habent
669 2076 718 2113 ad
748 2077 944 2125 pulverem
978 2077 1174 2125 multaque
1206 2077 1278 2113 alia
1308 2076 1541 2125 depellenda

95 2153 127 2177 30
144 2151 222 2176 non
249 2139 434 2177 inutilem.
492 2141 675 2178 Gustatus
704 2141 897 2189 praeclare
919 2147 1073 2189 saeptus
1104 2148 1161 2178 est
1176 2155 1186 2187 3
1217 2153 1283 2178 ore
1313 2142 1417 2178 enim
1446 2153 1538 2177 con-

144 2204 285 2240 tinetur
304 2211 342 2240 et
361 2203 412 2241 ad
431 2217 543 2241 usum
563 2212 651 2253 apte
673 2211 712 2242 et
732 2205 781 2242 ad
802 2205 1074 2242 incolumitatis
1096 2205 1326 2242 custodiam.
1385 2206 1539 2243 Omnis-

145 2279 220 2315 que
259 2279 392 2305 sensus
439 2268 641 2306 hominum
687 2270 808 2306 multo
855 2270 1049 2306 antecellit
1096 2270 1270 2306 sensibus
1318 2270 1538 2306 bestiarum.

147 2332 316 2368 Primum
337 2332 439 2369 enim
460 2333 562 2369 oculi
591 2333 629 2369 in
660 2333 703 2370 iis
733 2334 887 2379 artibus,
910 2346 1071 2381 quarum
1102 2333 1289 2370 iudicium
1321 2340 1378 2370 est
1408 2334 1539 2370 oculo·
1552 2336 1599 2371 58

145 2408 241 2440 rum,
262 2396 300 2432 in
321 2396 444 2444 pictis,
465 2397 563 2434 fictis
584 2397 816 2446 caelatisque
843 2398 985 2442 formis,
1007 2398 1045 2434 in
1075 2409 1283 2446 corporum
1312 2398 1426 2434 etiam
1458 2411 1540 2435 mo-

96 2475 128 2499 35
145 2459 250 2496 tione
279 2466 394 2508 atque
423 2466 533 2508 gestu
567 2461 687 2498 multa
719 2467 882 2498 cernunt
915 2461 1115 2509 subtiliu53
1145 2461 1320 2499 colorum
1353 2462 1468 2498 etiam
1504 2469 1542 2499 et
