1681 2752
428 173 513 204 LIB.
532 173 577 204 11.
621 172 701 204 CAp.
720 173 808 210 LIV,
827 173 894 204 LV.
941 173 980 212 §§
1002 181 1159 213 133-139.
1353 182 1357 185 ·
1410 173 1487 214 123

95 275 316 313 mirabiliter
343 274 492 319 effecta,
512 285 612 322 quae
632 281 783 311 constat
804 274 882 310 sere
902 285 923 310 e
944 274 1080 311 nervis.
1138 275 1207 311 Est
1234 281 1364 310 autem
1394 274 1489 311 mul-

96 339 215 388 tiplex
233 346 272 376 et
292 346 462 376 tortuosa
481 345 662 386 arcetque
683 345 722 374 et
742 338 925 383 continet,
947 338 1025 375 sive
1046 337 1139 375 illud
1166 337 1316 375 aridum
1337 345 1394 375 est
1413 339 1491 375 sive

98 403 287 447 umidum,
309 402 415 451 quod
437 403 595 451 recepit,
616 410 658 439 ut
686 401 726 439 id
755 403 891 439 mutari
921 410 959 439 et
989 403 1184 450 concoqui
1215 403 1346 451 possit,
1367 414 1491 451 eaque

96 475 179 504 tum
198 467 425 515 astringitur,
446 474 528 503 tum
556 466 745 503 relaxatur
773 474 888 515 atque
917 478 1046 511 omne,
1067 466 1175 514 quod
1204 467 1367 515 accepit,
1389 467 1493 515 cogit

56 548 71 572 5
98 538 137 568 et
155 529 370 575 confundit,
392 537 433 567 ut
453 530 563 567 facile
584 537 622 566 et
642 530 782 576 calore,
803 542 919 578 quem
941 531 1103 566 multum
1125 530 1251 575 habet,
1273 537 1311 567 et
1331 530 1492 567 terendo

97 595 186 632 cibo
205 601 243 631 et
263 601 461 643 praeterea
480 594 611 642 spiritu
632 594 763 630 omnia
783 602 896 630 cocta
915 602 1031 641 atque
1047 594 1228 631 confecta
1247 594 1285 630 in
1305 595 1493 642 reliquum

97 670 237 707 corpus
256 657 486 695 dividantur.
544 658 591 694 In
611 657 858 706 pulmonibus
878 664 1007 694 autem
1028 658 1127 695 inest
1149 659 1278 695 ran'tas
1298 657 1490 706 quaedam
1502 665 1550 700 55

96 729 136 759 et
164 721 347 759 adsimilis
376 721 548 770 spongiis
579 721 782 758 mollitudo
808 721 859 758 ad
889 721 1145 759 hauriendum
1175 722 1349 770 spiritum
1379 723 1494 770 aptis-

97 787 206 831 sima,
226 786 293 834 qui
312 792 395 822 tum
414 796 455 822 se
482 785 715 823 contrahunt
743 785 995 834 adspirantes,
1016 793 1097 822 turn
1128 787 1166 823 in
1195 787 1380 834 respiratu
1400 785 1493 823 dila-

50 869 82 886 ιο
98 856 191 894 tant,
212 856 253 886 ut
273 850 492 898 frequenter
511 849 674 886 ducatur
700 850 808 887 cibus
837 850 1022 895 animalis,
1043 862 1122 898 quo
1151 851 1317 887 maxime
1345 850 1496 887 aluntur

98 914 325 951 animantes.
383 914 443 950 Ex
462 914 651 951 intestinis
671 921 800 950 autem
819 921 990 951 secretus
1009 926 1033 950 a
1050 914 1198 962 reliquo
1213 915 1302 952 cibo
1318 926 1432 951 sucus
1452 915 1494 959 is,
1506 922 1554 949 137

98 989 178 1027 quo
197 978 343 1023 alimur,
364 985 565 1026 permanat
590 977 640 1015 ad
670 978 776 1014 iecur
794 989 864 1026 per
882 977 1082 1031 quasdam.
1100 990 1124 1014 a
1153 977 1285 1015 medio
1315 979 1496 1015 intestino

99 1054 221 1091 usque
241 1041 292 1079 ad
311 1049 440 1090 portas
464 1042 601 1078 iecoris
627 1042 703 1089 (sic
733 1042 836 1078 enim
864 1042 1122 1090 appellantur)
1148 1042 1285 1079 ductas
1305 1050 1344 1079 et
1363 1042 1496 1079 derec-

100 1113 157 1144 tas
176 1107 266 1151 vias,
287 1117 387 1154 quae
406 1106 600 1154 pertinent
627 1105 679 1142 ad
708 1106 814 1142 iecur
837 1107 949 1154 eique
978 1106 1201 1143 adhaerent.
1258 1108 1385 1154 Atque
1407 1106 1497 1144 inde

52 1189 83 1214 ις
100 1171 196 1207 aliae
216 1171 294 1206 alio
313 1170 550 1218 pertinentes
570 1177 670 1216 sunt,
691 1182 761 1218 per
780 1182 875 1218 quas
905 1169 1010 1206 cadit
1039 1170 1148 1207 cibus
1177 1182 1200 1207 a
1228 1171 1355 1208 iecore
1375 1170 1497 1219 dilap-

101 1246 177 1272 sus.
232 1234 293 1271 Ab
322 1246 370 1271 eo
399 1234 488 1271 cibo
522 1246 613 1271 cum
647 1241 705 1271 est
737 1241 888 1271 secreta
919 1234 1005 1272 bilis
1039 1235 1153 1282 eique
1185 1246 1351 1280 umores,
1378 1236 1444 1283 qui
1476 1247 1497 1272 e

101 1298 258 1336 renibus
296 1298 592 1347 profunduntur,
629 1299 777 1347 reliqua
813 1310 854 1336 se
901 1298 941 1335 in
987 1299 1215 1347 sanguinem
1251 1306 1403 1336 vertunt
1449 1299 1499 1336 ad

102 1362 337 1411 easdemque
367 1371 497 1411 portas
526 1363 664 1400 iecoris
694 1363 906 1408 confluunt,
936 1362 987 1400 ad
1015 1375 1111 1411 quas
1140 1375 1277 1400 omnes
1307 1364 1387 1401 eius
1415 1364 1499 1401 viae

101 1428 295 1476 pertinent
310 1441 320 1473 ;
348 1439 419 1476 per
432 1439 528 1476 quas
546 1427 675 1475 lapsus
695 1427 804 1464 cibus
824 1427 863 1464 in
882 1427 960 1464 hoc
980 1428 1064 1476 ipso
1083 1428 1172 1464 loco
1192 1428 1231 1464 in
1246 1439 1333 1464 eam
1348 1441 1499 1474 venam,

53 1509 87 1527 ω
103 1503 203 1540 quae
223 1503 318 1528 cava
337 1492 561 1540 appellatur,
583 1491 832 1529 confunditur
850 1503 996 1540 perque
1018 1503 1104 1528 eam
1133 1491 1184 1528 ad
1212 1503 1280 1528 cor
1300 1492 1500 1530 confectus

103 1556 179 1593 iam
200 1563 413 1604 coctusque
437 1556 653 1604 perlabitur,
675 1568 698 1592 a
726 1555 844 1592 corde
875 1563 1006 1592 autem
1034 1556 1073 1592 in
1101 1562 1225 1592 totum
1255 1568 1396 1604 corpus
1423 1556 1499 1593 dis-

102 1620 278 1658 tribuitur
297 1632 366 1668 per
384 1632 500 1657 venas
528 1619 745 1657 admodum
773 1620 910 1657 multas
939 1620 979 1656 in
1007 1632 1145 1657 omnes
1173 1627 1301 1668 partes
1330 1621 1501 1669 corporis

102 1685 351 1733 pertinentes.
410 1684 539 1732 Quem
559 1684 610 1721 ad
631 1684 792 1721 modum
812 1692 942 1721 autem
961 1684 1144 1732 reliquiae
1164 1685 1242 1722 cibi
1261 1683 1561 1732 depellanturlsss

102 1755 187 1786 tum
219 1748 514 1797 astringentibus
547 1760 588 1786 se
621 1749 821 1794 intestinis,
855 1755 939 1786 tum
973 1748 1243 1794 relaxantibus,
1272 1748 1377 1785 haud
1410 1760 1502 1786 sane

54 1833 86 1857 25
104 1812 258 1850 difficile
278 1812 385 1850 dictu
405 1819 475 1858 est,
495 1812 567 1850 sed
586 1820 716 1850 tamen
735 1811 1063 1861 praetereundum
1083 1819 1152 1858 est,
1173 1824 1223 1849 ne
1243 1812 1338 1860 quid
1363 1812 1504 1850 habeat

103 1876 391 1914 iniucunditatis
414 1877 548 1914 oratio.
606 1877 676 1914 Illa
702 1877 830 1926 potius
859 1877 1072 1925 explicetur
1098 1876 1332 1914 incredibilis
1360 1877 1504 1914 fabrica

103 1948 286 1978 naturae:
318 1941 421 1978 Nam
441 1953 541 1989 quae
564 1941 697 1989 spiritu
726 1941 766 1978 in
794 1941 1000 1990 pulmones
1027 1941 1159 1978 anima
1177 1940 1342 1987 ducitur,
1363 1953 1410 1978 ea
1438 1953 1502 1978 ca-

102 2004 214 2042 lescit
245 2005 414 2054 primum
445 2005 530 2054 ipso
559 2005 609 2043 ab
637 2005 784 2054 spiritu,
814 2004 959 2042 deinde
993 2005 1227 2054 contagione
1260 2005 1502 2054 pulmonum,

105 2081 154 2106 ex
171 2081 294 2118 eaque
313 2081 401 2118 pars
419 2068 595 2106 redditur
612 2068 852 2118 respirando,
873 2081 961 2118 pars
991 2070 1210 2118 concipitur
1238 2069 1366 2107 cordis
1394 2077 1502 2118 parte

55 2154 89 2178 30
105 2133 286 2182 quadam,
316 2145 434 2182 quem
465 2134 719 2171 ventriculum
753 2133 882 2171 cordis
915 2134 1122 2183 appellant,
1154 2134 1217 2171 cui
1247 2134 1379 2171 similis
1412 2134 1505 2171 alter

105 2197 310 2235 adiunctus
329 2205 399 2244 est,
420 2199 460 2236 in
479 2210 598 2247 quem
617 2198 771 2247 sanguis
791 2211 814 2235 a
833 2199 961 2236 iecore
990 2210 1060 2247 per
1078 2210 1218 2236 venam
1245 2199 1347 2236 illam
1369 2210 1503 2235 cavam

105 2261 239 2299 influit.
296 2263 434 2311 quue
463 2262 584 2300 modo
613 2274 662 2300 ex
688 2262 747 2300 his
775 2263 946 2311 partibus
974 2269 1014 2300 et
1041 2263 1194 2311 sanguis
1223 2275 1293 2312 per
1320 2274 1436 2300 venas
1465 2262 1504 2299 in

106 2337 223 2362 omne
238 2338 379 2374 corpus
395 2326 620 2364 diffunditur
634 2334 673 2364 et
692 2328 845 2376 spiritus
863 2339 934 2376 per
952 2328 1117 2364 arterias.
1160 2328 1359 2375 Utraeque
1375 2334 1505 2363 autem

45 2406 51 2410 ·
106 2389 262 2426 crebrae
290 2390 511 2439 multaeque
531 2398 615 2428 toto
635 2403 798 2439 corpore
827 2391 996 2428 intextae
1015 2392 1093 2428 vim
1113 2390 1310 2440 quandam
1339 2390 1503 2428 incredi-

59 2471 90 2496 3⁵
106 2454 225 2492 bilem
260 2455 455 2493 artificiosi
491 2456 618 2505 operis
655 2455 852 2506 divinique
889 2462 1090 2494 testantur.
1146 2455 1254 2504 Quid
1290 2456 1420 2493 dicam
1454 2455 1565 2493 de139
