<?xml version="1.0" encoding="UTF-8"?>
<!DOCTYPE html PUBLIC "-//W3C//DTD XHTML 1.0 Transitional//EN"
    "http://www.w3.org/TR/xhtml1/DTD/xhtml1-transitional.dtd">
<html xmlns="http://www.w3.org/1999/xhtml" xml:lang="en" lang="en">
 <head>
  <title>
</title>
<meta http-equiv="Content-Type" content="text/html;charset=utf-8" />
  <meta name='ocr-system' content='tesseract 3.04.00' />
  <meta name='ocr-capabilities' content='ocr_page ocr_carea ocr_par ocr_line ocrx_word'/>
</head>
<body>
  <div class='ocr_page' id='page_1' title='image "./denaturadeorumli00ciceuoft_0055.png"; bbox 0 0 1681 2752; ppageno 0'>
   <div class='ocr_carea' id='block_1_1' title="bbox 451 143 1473 190">
    <p class='ocr_par' dir='ltr' id='par_1_1' title="bbox 451 143 1473 190">
     <span class='ocr_line' id='line_1_1' title="bbox 451 143 1473 190; baseline -0.019 -1"><span class='ocrx_word' id='word_1_1' title='bbox 451 157 537 189; x_wconf 92' lang='lat' dir='ltr'><strong>LIB.</strong></span> <span class='ocrx_word' id='word_1_2' title='bbox 562 156 588 187; x_wconf 91' lang='lat'>1.</span> <span class='ocrx_word' id='word_1_3' title='bbox 634 154 714 185; x_wconf 77' lang='lat' dir='ltr'><strong>CAP.</strong></span> <span class='ocrx_word' id='word_1_4' title='bbox 731 153 792 190; x_wconf 90' lang='lat' dir='ltr'>XI,</span> <span class='ocrx_word' id='word_1_5' title='bbox 810 151 889 182; x_wconf 90' lang='lat' dir='ltr'>XII.</span> <span class='ocrx_word' id='word_1_6' title='bbox 937 150 975 190; x_wconf 56' lang='grc' dir='ltr'>ἓξ</span> <span class='ocrx_word' id='word_1_7' title='bbox 995 156 1110 189; x_wconf 85' lang='lat'>25—30.</span> <span class='ocrx_word' id='word_1_8' title='bbox 1424 143 1473 181; x_wconf 88' lang='lat'>41</span> 
     </span>
    </p>
   </div>
   <div class='ocr_carea' id='block_1_2' title="bbox 47 254 1569 2494">
    <p class='ocr_par' dir='ltr' id='par_1_2' title="bbox 47 254 1569 2494">
     <span class='ocr_line' id='line_1_2' title="bbox 89 254 1480 313; baseline -0.019 -10"><span class='ocrx_word' id='word_1_9' title='bbox 89 265 278 313; x_wconf 85' lang='lat' dir='ltr'>thagoras,</span> <span class='ocrx_word' id='word_1_10' title='bbox 298 261 363 310; x_wconf 91' lang='lat' dir='ltr'>qui</span> <span class='ocrx_word' id='word_1_11' title='bbox 392 258 541 296; x_wconf 88' lang='lat' dir='ltr'>censuit</span> <span class='ocrx_word' id='word_1_12' title='bbox 570 256 741 293; x_wconf 87' lang='lat' dir='ltr'>animum</span> <span class='ocrx_word' id='word_1_13' title='bbox 769 264 850 289; x_wconf 87' lang='lat' dir='ltr'>esse</span> <span class='ocrx_word' id='word_1_14' title='bbox 878 262 946 299; x_wconf 92' lang='lat' dir='ltr'>per</span> <span class='ocrx_word' id='word_1_15' title='bbox 972 256 1143 286; x_wconf 86' lang='lat' dir='ltr'>naturam</span> <span class='ocrx_word' id='word_1_16' title='bbox 1170 257 1295 282; x_wconf 84' lang='lat' dir='ltr'>rerum</span> <span class='ocrx_word' id='word_1_17' title='bbox 1323 254 1480 280; x_wconf 85' lang='lat' dir='ltr'>omnem</span> 
     </span>
     <span class='ocr_line' id='line_1_3' title="bbox 90 311 1481 365; baseline -0.018 1"><span class='ocrx_word' id='word_1_18' title='bbox 90 330 280 365; x_wconf 88' lang='lat' dir='ltr'>intentum</span> <span class='ocrx_word' id='word_1_19' title='bbox 301 332 339 362; x_wconf 90' lang='lat' dir='ltr'>et</span> <span class='ocrx_word' id='word_1_20' title='bbox 358 328 657 364; x_wconf 87' lang='lat' dir='ltr'>commeantem,</span> <span class='ocrx_word' id='word_1_21' title='bbox 680 330 727 354; x_wconf 87' lang='lat' dir='ltr'>ex</span> <span class='ocrx_word' id='word_1_22' title='bbox 747 328 824 365; x_wconf 91' lang='lat' dir='ltr'>quo</span> <span class='ocrx_word' id='word_1_23' title='bbox 846 314 963 352; x_wconf 82' lang='lat' dir='ltr'>nostri</span> <span class='ocrx_word' id='word_1_24' title='bbox 984 311 1099 349; x_wconf 88' lang='lat' dir='ltr'>animi</span> <span class='ocrx_word' id='word_1_25' title='bbox 1122 315 1380 357; x_wconf 77' lang='lat' dir='ltr'>carperentur,</span> <span class='ocrx_word' id='word_1_26' title='bbox 1402 318 1481 342; x_wconf 90' lang='lat' dir='ltr'>non</span> 
     </span>
     <span class='ocr_line' id='line_1_4' title="bbox 90 371 1483 429; baseline -0.017 0"><span class='ocrx_word' id='word_1_27' title='bbox 90 392 184 429; x_wconf 91' lang='lat' dir='ltr'>vidit</span> <span class='ocrx_word' id='word_1_28' title='bbox 217 388 463 427; x_wconf 85' lang='lat' dir='ltr'>distractione</span> <span class='ocrx_word' id='word_1_29' title='bbox 502 385 758 422; x_wconf 89' lang='lat' dir='ltr'>humanorum</span> <span class='ocrx_word' id='word_1_30' title='bbox 796 380 1012 416; x_wconf 87' lang='lat' dir='ltr'>animorum</span> <span class='ocrx_word' id='word_1_31' title='bbox 1046 374 1212 422; x_wconf 81' lang='lat' dir='ltr'>discerpi</span> <span class='ocrx_word' id='word_1_32' title='bbox 1252 379 1289 409; x_wconf 87' lang='lat' dir='ltr'>et</span> <span class='ocrx_word' id='word_1_33' title='bbox 1326 371 1483 408; x_wconf 89' lang='lat' dir='ltr'>lacerari</span> 
     </span>
     <span class='ocr_line' id='line_1_5' title="bbox 91 437 1482 498; baseline -0.017 -5"><span class='ocrx_word' id='word_1_34' title='bbox 91 456 208 493; x_wconf 90' lang='lat' dir='ltr'>deum</span> <span class='ocrx_word' id='word_1_35' title='bbox 233 460 282 498; x_wconf 90' lang='lat' dir='ltr'>et,</span> <span class='ocrx_word' id='word_1_36' title='bbox 304 463 393 489; x_wconf 91' lang='lat' dir='ltr'>cum</span> <span class='ocrx_word' id='word_1_37' title='bbox 420 449 547 487; x_wconf 89' lang='lat' dir='ltr'>miseri</span> <span class='ocrx_word' id='word_1_38' title='bbox 573 447 689 484; x_wconf 90' lang='lat' dir='ltr'>animi</span> <span class='ocrx_word' id='word_1_39' title='bbox 717 450 856 489; x_wconf 84' lang='lat' dir='ltr'>essent,</span> <span class='ocrx_word' id='word_1_40' title='bbox 878 441 985 490; x_wconf 87' lang='lat' dir='ltr'>quod</span> <span class='ocrx_word' id='word_1_41' title='bbox 1012 439 1202 488; x_wconf 85' lang='lat' dir='ltr'>plerisque</span> <span class='ocrx_word' id='word_1_42' title='bbox 1231 437 1482 484; x_wconf 84' lang='lat' dir='ltr'>contingeret,</span> 
     </span>
     <span class='ocr_line' id='line_1_6' title="bbox 51 500 1535 565; baseline -0.017 -7"><span class='ocrx_word' id='word_1_43' title='bbox 51 533 65 558; x_wconf 88' lang='lat'><strong>5</strong></span> <span class='ocrx_word' id='word_1_44' title='bbox 92 527 173 557; x_wconf 89' lang='lat' dir='ltr'>turn</span> <span class='ocrx_word' id='word_1_45' title='bbox 202 518 266 555; x_wconf 92' lang='lat' dir='ltr'>dei</span> <span class='ocrx_word' id='word_1_46' title='bbox 299 522 447 565; x_wconf 86' lang='lat' dir='ltr'>partem</span> <span class='ocrx_word' id='word_1_47' title='bbox 485 524 569 550; x_wconf 87' lang='lat' dir='ltr'>esse</span> <span class='ocrx_word' id='word_1_48' title='bbox 608 511 811 554; x_wconf 72' lang='lat' dir='ltr'>miseram,</span> <span class='ocrx_word' id='word_1_49' title='bbox 842 505 949 555; x_wconf 91' lang='lat' dir='ltr'>quod</span> <span class='ocrx_word' id='word_1_50' title='bbox 983 504 1063 541; x_wconf 89' lang='lat' dir='ltr'>fieri</span> <span class='ocrx_word' id='word_1_51' title='bbox 1097 514 1176 539; x_wconf 93' lang='lat' dir='ltr'>non</span> <span class='ocrx_word' id='word_1_52' title='bbox 1210 507 1349 550; x_wconf 87' lang='lat' dir='ltr'>potest.</span> <span class='ocrx_word' id='word_1_53' title='bbox 1407 500 1535 536; x_wconf 77' lang='lat' dir='ltr'>Cur28</span> 
     </span>
     <span class='ocr_line' id='line_1_7' title="bbox 92 564 1484 629; baseline -0.017 -8"><span class='ocrx_word' id='word_1_54' title='bbox 92 590 220 621; x_wconf 87' lang='lat' dir='ltr'>autem</span> <span class='ocrx_word' id='word_1_55' title='bbox 240 581 449 629; x_wconf 87' lang='lat' dir='ltr'>quicquam</span> <span class='ocrx_word' id='word_1_56' title='bbox 478 578 668 626; x_wconf 82' lang='lat' dir='ltr'>ignoraret</span> <span class='ocrx_word' id='word_1_57' title='bbox 697 573 846 624; x_wconf 85' lang='lat' dir='ltr'>animus</span> <span class='ocrx_word' id='word_1_58' title='bbox 877 569 1053 614; x_wconf 80' lang='lat' dir='ltr'>hominis,</span> <span class='ocrx_word' id='word_1_59' title='bbox 1076 567 1105 604; x_wconf 93' lang='lat' dir='ltr'>si</span> <span class='ocrx_word' id='word_1_60' title='bbox 1135 572 1235 603; x_wconf 89' lang='lat' dir='ltr'>esset</span> <span class='ocrx_word' id='word_1_61' title='bbox 1255 564 1379 602; x_wconf 88' lang='lat' dir='ltr'>deus?</span> <span class='ocrx_word' id='word_1_62' title='bbox 1407 575 1484 611; x_wconf 89' lang='lat' dir='ltr'>quo</span> 
     </span>
     <span class='ocr_line' id='line_1_8' title="bbox 93 627 1487 694; baseline -0.017 -8"><span class='ocrx_word' id='word_1_63' title='bbox 93 646 212 686; x_wconf 89' lang='lat' dir='ltr'>modo</span> <span class='ocrx_word' id='word_1_64' title='bbox 246 656 359 694; x_wconf 90' lang='lat' dir='ltr'>porro</span> <span class='ocrx_word' id='word_1_65' title='bbox 389 642 485 679; x_wconf 90' lang='lat' dir='ltr'>deus</span> <span class='ocrx_word' id='word_1_66' title='bbox 519 641 601 685; x_wconf 92' lang='lat' dir='ltr'>iste,</span> <span class='ocrx_word' id='word_1_67' title='bbox 632 638 663 675; x_wconf 90' lang='lat' dir='ltr'>si</span> <span class='ocrx_word' id='word_1_68' title='bbox 695 636 789 674; x_wconf 88' lang='lat' dir='ltr'>nihil</span> <span class='ocrx_word' id='word_1_69' title='bbox 822 633 922 672; x_wconf 87' lang='lat' dir='ltr'>esset</span> <span class='ocrx_word' id='word_1_70' title='bbox 955 632 1222 676; x_wconf 81' lang='lat' dir='ltr'>nisi&#39;animus,</span> <span class='ocrx_word' id='word_1_71' title='bbox 1251 635 1316 666; x_wconf 83' lang='lat' dir='ltr'>aut</span> <span class='ocrx_word' id='word_1_72' title='bbox 1349 627 1487 664; x_wconf 87' lang='lat' dir='ltr'>infixus</span> 
     </span>
     <span class='ocr_line' id='line_1_9' title="bbox 95 693 1487 750; baseline -0.017 0"><span class='ocrx_word' id='word_1_73' title='bbox 95 718 159 750; x_wconf 89' lang='lat' dir='ltr'>aut</span> <span class='ocrx_word' id='word_1_74' title='bbox 191 711 335 748; x_wconf 86' lang='lat' dir='ltr'>infusus</span> <span class='ocrx_word' id='word_1_75' title='bbox 369 713 470 744; x_wconf 92' lang='lat' dir='ltr'>esset</span> <span class='ocrx_word' id='word_1_76' title='bbox 502 705 542 742; x_wconf 94' lang='lat' dir='ltr'>in</span> <span class='ocrx_word' id='word_1_77' title='bbox 576 701 752 740; x_wconf 89' lang='lat' dir='ltr'>mundo?</span> <span class='ocrx_word' id='word_1_78' title='bbox 806 701 908 737; x_wconf 88' lang='lat' dir='ltr'>Tum</span> <span class='ocrx_word' id='word_1_79' title='bbox 946 697 1222 745; x_wconf 83' lang='lat' dir='ltr'>Xenophanes,</span> <span class='ocrx_word' id='word_1_80' title='bbox 1254 693 1318 741; x_wconf 90' lang='lat' dir='ltr'>qui</span> <span class='ocrx_word' id='word_1_81' title='bbox 1357 699 1487 728; x_wconf 86' lang='lat' dir='ltr'>mente</span> 
     </span>
     <span class='ocr_line' id='line_1_10' title="bbox 94 755 1489 819; baseline -0.016 -6"><span class='ocrx_word' id='word_1_82' title='bbox 94 776 277 813; x_wconf 91' lang='lat' dir='ltr'>adiuncta</span> <span class='ocrx_word' id='word_1_83' title='bbox 309 783 426 810; x_wconf 88' lang='lat' dir='ltr'>omne</span> <span class='ocrx_word' id='word_1_84' title='bbox 461 775 670 819; x_wconf 86' lang='lat' dir='ltr'>praeterea,</span> <span class='ocrx_word' id='word_1_85' title='bbox 701 764 808 814; x_wconf 92' lang='lat' dir='ltr'>quod</span> <span class='ocrx_word' id='word_1_86' title='bbox 847 769 947 800; x_wconf 89' lang='lat' dir='ltr'>esset</span> <span class='ocrx_word' id='word_1_87' title='bbox 985 761 1188 804; x_wconf 88' lang='lat' dir='ltr'>infinitum,</span> <span class='ocrx_word' id='word_1_88' title='bbox 1219 757 1337 795; x_wconf 89' lang='lat' dir='ltr'>deum</span> <span class='ocrx_word' id='word_1_89' title='bbox 1370 755 1489 792; x_wconf 89' lang='lat' dir='ltr'>voluit</span> 
     </span>
     <span class='ocr_line' id='line_1_11' title="bbox 47 820 1488 885; baseline -0.017 -7"><span class='ocrx_word' id='word_1_90' title='bbox 47 856 78 872; x_wconf 69' lang='grc' dir='ltr'>κο</span> <span class='ocrx_word' id='word_1_91' title='bbox 96 852 192 885; x_wconf 90' lang='lat' dir='ltr'>esse,</span> <span class='ocrx_word' id='word_1_92' title='bbox 212 838 262 875; x_wconf 93' lang='lat' dir='ltr'>de</span> <span class='ocrx_word' id='word_1_93' title='bbox 292 838 374 885; x_wconf 89' lang='lat' dir='ltr'>ipsa</span> <span class='ocrx_word' id='word_1_94' title='bbox 402 840 532 872; x_wconf 90' lang='lat' dir='ltr'>mente</span> <span class='ocrx_word' id='word_1_95' title='bbox 563 833 655 869; x_wconf 89' lang='lat' dir='ltr'>item</span> <span class='ocrx_word' id='word_1_96' title='bbox 683 827 990 878; x_wconf 85' lang='lat' dir='ltr'>reprehenditur,</span> <span class='ocrx_word' id='word_1_97' title='bbox 1012 831 1053 862; x_wconf 92' lang='lat' dir='ltr'>ut</span> <span class='ocrx_word' id='word_1_98' title='bbox 1077 823 1207 868; x_wconf 84' lang='lat' dir='ltr'>ceteri,</span> <span class='ocrx_word' id='word_1_99' title='bbox 1229 821 1278 859; x_wconf 91' lang='lat' dir='ltr'>de</span> <span class='ocrx_word' id='word_1_100' title='bbox 1304 820 1488 857; x_wconf 81' lang='lat' dir='ltr'>infinitate</span> 
     </span>
     <span class='ocr_line' id='line_1_12' title="bbox 96 884 1490 944; baseline -0.017 -2"><span class='ocrx_word' id='word_1_101' title='bbox 96 911 226 942; x_wconf 86' lang='lat' dir='ltr'>autem</span> <span class='ocrx_word' id='word_1_102' title='bbox 244 899 523 944; x_wconf 89' lang='lat' dir='ltr'>vehementius,</span> <span class='ocrx_word' id='word_1_103' title='bbox 545 897 584 934; x_wconf 88' lang='lat' dir='ltr'>in</span> <span class='ocrx_word' id='word_1_104' title='bbox 605 907 682 944; x_wconf 89' lang='lat' dir='ltr'>qua</span> <span class='ocrx_word' id='word_1_105' title='bbox 701 893 792 931; x_wconf 89' lang='lat' dir='ltr'>nihil</span> <span class='ocrx_word' id='word_1_106' title='bbox 813 904 940 940; x_wconf 88' lang='lat' dir='ltr'>neque</span> <span class='ocrx_word' id='word_1_107' title='bbox 962 889 1130 928; x_wconf 87' lang='lat' dir='ltr'>sentiens</span> <span class='ocrx_word' id='word_1_108' title='bbox 1154 897 1281 934; x_wconf 90' lang='lat' dir='ltr'>neque</span> <span class='ocrx_word' id='word_1_109' title='bbox 1305 884 1490 921; x_wconf 90' lang='lat' dir='ltr'>coniunc-</span> 
     </span>
     <span class='ocr_line' id='line_1_13' title="bbox 97 948 1493 1015; baseline -0.017 -9"><span class='ocrx_word' id='word_1_110' title='bbox 97 975 178 1006; x_wconf 90' lang='lat' dir='ltr'>tum</span> <span class='ocrx_word' id='word_1_111' title='bbox 217 972 345 1015; x_wconf 88' lang='lat' dir='ltr'>potest</span> <span class='ocrx_word' id='word_1_112' title='bbox 382 975 478 1001; x_wconf 84' lang='lat' dir='ltr'>esse.</span> <span class='ocrx_word' id='word_1_113' title='bbox 550 962 654 998; x_wconf 90' lang='lat' dir='ltr'>Nam</span> <span class='ocrx_word' id='word_1_114' title='bbox 694 956 944 996; x_wconf 82' lang='lat' dir='ltr'>Parmenides</span> <span class='ocrx_word' id='word_1_115' title='bbox 977 952 1134 1002; x_wconf 88' lang='lat' dir='ltr'>quidem</span> <span class='ocrx_word' id='word_1_116' title='bbox 1174 948 1493 987; x_wconf 88' lang='lat' dir='ltr'>commenticium</span> 
     </span>
     <span class='ocr_line' id='line_1_14' title="bbox 98 1012 1492 1081; baseline -0.017 -11"><span class='ocrx_word' id='word_1_117' title='bbox 98 1031 285 1081; x_wconf 88' lang='lat' dir='ltr'>quiddam</span> <span class='ocrx_word' id='word_1_118' title='bbox 314 1039 481 1066; x_wconf 89' lang='lat' dir='ltr'>coronae</span> <span class='ocrx_word' id='word_1_119' title='bbox 511 1025 633 1063; x_wconf 89' lang='lat' dir='ltr'>simile</span> <span class='ocrx_word' id='word_1_120' title='bbox 664 1023 782 1060; x_wconf 82' lang='lat' dir='ltr'>efficit</span> <span class='ocrx_word' id='word_1_121' title='bbox 812 1019 1022 1071; x_wconf 85' lang='grc' dir='ltr'>(στεφάνην</span> <span class='ocrx_word' id='word_1_122' title='bbox 1051 1014 1238 1065; x_wconf 88' lang='lat' dir='ltr'>appellat)</span> <span class='ocrx_word' id='word_1_123' title='bbox 1269 1012 1492 1057; x_wconf 84' lang='lat' dir='ltr'>continente</span> 
     </span>
     <span class='ocr_line' id='line_1_15' title="bbox 99 1076 1495 1138; baseline -0.017 -3"><span class='ocrx_word' id='word_1_124' title='bbox 99 1096 232 1135; x_wconf 89' lang='lat' dir='ltr'>ardore</span> <span class='ocrx_word' id='word_1_125' title='bbox 254 1095 349 1132; x_wconf 92' lang='lat' dir='ltr'>lucis</span> <span class='ocrx_word' id='word_1_126' title='bbox 369 1093 516 1137; x_wconf 91' lang='lat' dir='ltr'>orbem,</span> <span class='ocrx_word' id='word_1_127' title='bbox 539 1090 604 1138; x_wconf 91' lang='lat' dir='ltr'>qui</span> <span class='ocrx_word' id='word_1_128' title='bbox 625 1089 753 1136; x_wconf 89' lang='lat' dir='ltr'>cingat</span> <span class='ocrx_word' id='word_1_129' title='bbox 773 1085 936 1130; x_wconf 87' lang='lat' dir='ltr'>caelum,</span> <span class='ocrx_word' id='word_1_130' title='bbox 957 1094 1075 1131; x_wconf 90' lang='lat' dir='ltr'>quem</span> <span class='ocrx_word' id='word_1_131' title='bbox 1095 1079 1261 1128; x_wconf 85' lang='lat' dir='ltr'>appellat</span> <span class='ocrx_word' id='word_1_132' title='bbox 1281 1077 1400 1114; x_wconf 91' lang='lat' dir='ltr'>deum</span> <span class='ocrx_word' id='word_1_133' title='bbox 1416 1089 1426 1121; x_wconf 85' lang='lat'>;</span> <span class='ocrx_word' id='word_1_134' title='bbox 1456 1076 1495 1112; x_wconf 91' lang='lat' dir='ltr'>in</span> 
     </span>
     <span class='ocr_line' id='line_1_16' title="bbox 51 1140 1497 1210; baseline -0.018 -9"><span class='ocrx_word' id='word_1_135' title='bbox 51 1178 82 1202; x_wconf 63' lang='grc' dir='ltr'>τε</span> <span class='ocrx_word' id='word_1_136' title='bbox 100 1173 178 1210; x_wconf 92' lang='lat' dir='ltr'>quo</span> <span class='ocrx_word' id='word_1_137' title='bbox 206 1171 334 1208; x_wconf 89' lang='lat' dir='ltr'>neque</span> <span class='ocrx_word' id='word_1_138' title='bbox 365 1159 525 1206; x_wconf 86' lang='lat' dir='ltr'>figuram</span> <span class='ocrx_word' id='word_1_139' title='bbox 547 1155 716 1192; x_wconf 88' lang='lat' dir='ltr'>divinam</span> <span class='ocrx_word' id='word_1_140' title='bbox 745 1161 873 1198; x_wconf 89' lang='lat' dir='ltr'>neque</span> <span class='ocrx_word' id='word_1_141' title='bbox 902 1159 1059 1185; x_wconf 91' lang='lat' dir='ltr'>sensum</span> <span class='ocrx_word' id='word_1_142' title='bbox 1079 1145 1284 1193; x_wconf 87' lang='lat' dir='ltr'>quisquam</span> <span class='ocrx_word' id='word_1_143' title='bbox 1312 1140 1497 1188; x_wconf 90' lang='lat' dir='ltr'>suspicari</span> 
     </span>
     <span class='ocr_line' id='line_1_17' title="bbox 100 1205 1496 1276; baseline -0.019 -11"><span class='ocrx_word' id='word_1_144' title='bbox 100 1232 252 1276; x_wconf 77' lang='lat' dir='ltr'>potest3</span> <span class='ocrx_word' id='word_1_145' title='bbox 283 1223 479 1270; x_wconf 90' lang='lat' dir='ltr'>multaque</span> <span class='ocrx_word' id='word_1_146' title='bbox 510 1218 686 1257; x_wconf 88' lang='lat' dir='ltr'>eiusdem</span> <span class='ocrx_word' id='word_1_147' title='bbox 722 1215 827 1252; x_wconf 80' lang='lat' dir='ltr'>modi</span> <span class='ocrx_word' id='word_1_148' title='bbox 858 1218 1041 1256; x_wconf 85' lang='lat' dir='ltr'>monstra,</span> <span class='ocrx_word' id='word_1_149' title='bbox 1071 1209 1216 1257; x_wconf 87' lang='lat' dir='ltr'>quippe</span> <span class='ocrx_word' id='word_1_150' title='bbox 1246 1206 1312 1254; x_wconf 87' lang='lat' dir='ltr'>qui</span> <span class='ocrx_word' id='word_1_151' title='bbox 1340 1205 1496 1249; x_wconf 90' lang='lat' dir='ltr'>bellurn,</span> 
     </span>
     <span class='ocr_line' id='line_1_18' title="bbox 101 1267 1497 1339; baseline -0.019 -10"><span class='ocrx_word' id='word_1_152' title='bbox 101 1291 167 1339; x_wconf 89' lang='lat' dir='ltr'>qui</span> <span class='ocrx_word' id='word_1_153' title='bbox 187 1287 432 1332; x_wconf 84' lang='lat' dir='ltr'>discordiam,</span> <span class='ocrx_word' id='word_1_154' title='bbox 453 1284 518 1333; x_wconf 90' lang='lat' dir='ltr'>qui</span> <span class='ocrx_word' id='word_1_155' title='bbox 548 1281 801 1331; x_wconf 89' lang='lat' dir='ltr'>cupiditatem</span> <span class='ocrx_word' id='word_1_156' title='bbox 831 1283 1037 1323; x_wconf 89' lang='lat' dir='ltr'>ceteraque</span> <span class='ocrx_word' id='word_1_157' title='bbox 1066 1273 1216 1322; x_wconf 88' lang='lat' dir='ltr'>generis</span> <span class='ocrx_word' id='word_1_158' title='bbox 1246 1269 1421 1307; x_wconf 90' lang='lat' dir='ltr'>eiusdem</span> <span class='ocrx_word' id='word_1_159' title='bbox 1447 1267 1497 1304; x_wconf 87' lang='lat' dir='ltr'>ad</span> 
     </span>
     <span class='ocr_line' id='line_1_19' title="bbox 103 1332 1498 1397; baseline -0.018 -5"><span class='ocrx_word' id='word_1_160' title='bbox 103 1355 221 1392; x_wconf 89' lang='lat' dir='ltr'>deum</span> <span class='ocrx_word' id='word_1_161' title='bbox 253 1339 421 1396; x_wconf 77' lang='lat' dir='ltr'>revoee&#39;t&#39;,</span> <span class='ocrx_word' id='word_1_162' title='bbox 455 1359 555 1397; x_wconf 89' lang='lat' dir='ltr'>quae</span> <span class='ocrx_word' id='word_1_163' title='bbox 589 1346 649 1383; x_wconf 94' lang='lat' dir='ltr'>vel</span> <span class='ocrx_word' id='word_1_164' title='bbox 683 1343 820 1381; x_wconf 90' lang='lat' dir='ltr'>morbo</span> <span class='ocrx_word' id='word_1_165' title='bbox 853 1341 914 1378; x_wconf 92' lang='lat' dir='ltr'>vel</span> <span class='ocrx_word' id='word_1_166' title='bbox 947 1350 1086 1376; x_wconf 88' lang='lat' dir='ltr'>somno</span> <span class='ocrx_word' id='word_1_167' title='bbox 1120 1336 1179 1373; x_wconf 91' lang='lat' dir='ltr'>vel</span> <span class='ocrx_word' id='word_1_168' title='bbox 1212 1334 1405 1372; x_wconf 89' lang='lat' dir='ltr'>oblivione</span> <span class='ocrx_word' id='word_1_169' title='bbox 1438 1332 1498 1368; x_wconf 93' lang='lat' dir='ltr'>vel</span> 
     </span>
     <span class='ocr_line' id='line_1_20' title="bbox 102 1397 1501 1459; baseline -0.019 -2"><span class='ocrx_word' id='word_1_170' title='bbox 102 1424 290 1457; x_wconf 90' lang='lat' dir='ltr'>vetustate</span> <span class='ocrx_word' id='word_1_171' title='bbox 311 1415 487 1453; x_wconf 91' lang='lat' dir='ltr'>delentur</span> <span class='ocrx_word' id='word_1_172' title='bbox 503 1426 513 1459; x_wconf 83' lang='lat'>3</span> <span class='ocrx_word' id='word_1_173' title='bbox 543 1410 763 1457; x_wconf 89' lang='lat' dir='ltr'>eademque</span> <span class='ocrx_word' id='word_1_174' title='bbox 784 1407 833 1444; x_wconf 93' lang='lat' dir='ltr'>de</span> <span class='ocrx_word' id='word_1_175' title='bbox 855 1404 1056 1448; x_wconf 87' lang='lat' dir='ltr'>sideribus,</span> <span class='ocrx_word' id='word_1_176' title='bbox 1077 1413 1176 1450; x_wconf 88' lang='lat' dir='ltr'>quae</span> <span class='ocrx_word' id='word_1_177' title='bbox 1203 1398 1436 1447; x_wconf 85' lang='lat' dir='ltr'>reprehensa</span> <span class='ocrx_word' id='word_1_178' title='bbox 1462 1397 1501 1432; x_wconf 91' lang='lat' dir='ltr'>in</span> 
     </span>
     <span class='ocr_line' id='line_1_21' title="bbox 55 1461 1500 1521; baseline -0.019 1"><span class='ocrx_word' id='word_1_179' title='bbox 55 1484 178 1521; x_wconf 62' lang='lat' dir='ltr'>2:alio</span> <span class='ocrx_word' id='word_1_180' title='bbox 215 1482 292 1519; x_wconf 91' lang='lat' dir='ltr'>iam</span> <span class='ocrx_word' id='word_1_181' title='bbox 328 1480 368 1517; x_wconf 90' lang='lat' dir='ltr'>in</span> <span class='ocrx_word' id='word_1_182' title='bbox 404 1478 481 1515; x_wconf 92' lang='lat' dir='ltr'>hoc</span> <span class='ocrx_word' id='word_1_183' title='bbox 519 1476 756 1514; x_wconf 87' lang='lat' dir='ltr'>omittantur.</span> <span class='ocrx_word' id='word_1_184' title='bbox 816 1467 1080 1518; x_wconf 88' lang='lat' dir='ltr'>Empedocles</span> <span class='ocrx_word' id='word_1_185' title='bbox 1112 1471 1243 1502; x_wconf 89' lang='lat' dir='ltr'>autem</span> <span class='ocrx_word' id='word_1_186' title='bbox 1276 1462 1396 1499; x_wconf 89' lang='lat' dir='ltr'>multa</span> <span class='ocrx_word' id='word_1_187' title='bbox 1427 1461 1500 1497; x_wconf 88' lang='lat' dir='ltr'>alia</span> 
     </span>
     <span class='ocr_line' id='line_1_22' title="bbox 104 1527 1502 1597; baseline -0.019 -11"><span class='ocrx_word' id='word_1_188' title='bbox 104 1558 274 1597; x_wconf 89' lang='lat' dir='ltr'>peccans</span> <span class='ocrx_word' id='word_1_189' title='bbox 293 1545 352 1583; x_wconf 57' lang='lat' dir='ltr'>fin</span> <span class='ocrx_word' id='word_1_190' title='bbox 389 1543 554 1580; x_wconf 88' lang='lat' dir='ltr'>deorum</span> <span class='ocrx_word' id='word_1_191' title='bbox 592 1539 776 1588; x_wconf 89' lang='lat' dir='ltr'>opinione</span> <span class='ocrx_word' id='word_1_192' title='bbox 815 1534 1047 1582; x_wconf 84' lang='lat' dir='ltr'>turpissume</span> <span class='ocrx_word' id='word_1_193' title='bbox 1086 1530 1234 1567; x_wconf 86' lang='lat' dir='ltr'>labitur.</span> <span class='ocrx_word' id='word_1_194' title='bbox 1310 1527 1502 1573; x_wconf 84' lang='lat' dir='ltr'>Quattuor</span> 
     </span>
     <span class='ocr_line' id='line_1_23' title="bbox 107 1591 1502 1666; baseline -0.019 -16"><span class='ocrx_word' id='word_1_195' title='bbox 107 1612 211 1650; x_wconf 89' lang='lat' dir='ltr'>enim</span> <span class='ocrx_word' id='word_1_196' title='bbox 239 1616 403 1666; x_wconf 55' lang='lat' dir='ltr'>nawaS,</span> <span class='ocrx_word' id='word_1_197' title='bbox 434 1619 482 1643; x_wconf 87' lang='lat' dir='ltr'>ex</span> <span class='ocrx_word' id='word_1_198' title='bbox 509 1604 650 1653; x_wconf 88' lang='lat' dir='ltr'>quibus</span> <span class='ocrx_word' id='word_1_199' title='bbox 683 1600 816 1639; x_wconf 87' lang='lat' dir='ltr'>omnia</span> <span class='ocrx_word' id='word_1_200' title='bbox 849 1604 1025 1635; x_wconf 88' lang='lat' dir='ltr'>constare</span> <span class='ocrx_word' id='word_1_201' title='bbox 1060 1601 1205 1638; x_wconf 90' lang='lat' dir='ltr'>censet,</span> <span class='ocrx_word' id='word_1_202' title='bbox 1236 1591 1385 1629; x_wconf 89' lang='lat' dir='ltr'>divinas</span> <span class='ocrx_word' id='word_1_203' title='bbox 1419 1600 1502 1625; x_wconf 92' lang='lat' dir='ltr'>esse</span> 
     </span>
     <span class='ocr_line' id='line_1_24' title="bbox 106 1653 1505 1725; baseline -0.018 -11"><span class='ocrx_word' id='word_1_204' title='bbox 106 1676 210 1722; x_wconf 70' lang='lat' dir='ltr'>vult,</span> <span class='ocrx_word' id='word_1_205' title='bbox 240 1670 339 1725; x_wconf 67' lang='grc' dir='ltr'>(1Βαὶ</span> <span class='ocrx_word' id='word_1_206' title='bbox 363 1679 401 1709; x_wconf 89' lang='lat' dir='ltr'>et</span> <span class='ocrx_word' id='word_1_207' title='bbox 430 1670 536 1708; x_wconf 90' lang='lat' dir='ltr'>nasci</span> <span class='ocrx_word' id='word_1_208' title='bbox 565 1675 604 1705; x_wconf 92' lang='lat' dir='ltr'>et</span> <span class='ocrx_word' id='word_1_209' title='bbox 632 1665 803 1714; x_wconf 87' lang='lat' dir='ltr'>extingui</span> <span class='ocrx_word' id='word_1_210' title='bbox 832 1662 1080 1712; x_wconf 87' lang='lat' dir='ltr'>perspicuum</span> <span class='ocrx_word' id='word_1_211' title='bbox 1107 1665 1165 1695; x_wconf 84' lang='lat' dir='ltr'>est</span> <span class='ocrx_word' id='word_1_212' title='bbox 1192 1664 1230 1693; x_wconf 91' lang='lat' dir='ltr'>et</span> <span class='ocrx_word' id='word_1_213' title='bbox 1256 1668 1370 1693; x_wconf 90' lang='lat' dir='ltr'>sensu</span> <span class='ocrx_word' id='word_1_214' title='bbox 1398 1653 1505 1691; x_wconf 87' lang='lat' dir='ltr'>omni</span> 
     </span>
     <span class='ocr_line' id='line_1_25' title="bbox 109 1717 1505 1780; baseline -0.018 -2"><span class='ocrx_word' id='word_1_215' title='bbox 109 1751 251 1777; x_wconf 86' lang='lat' dir='ltr'>carere.</span> <span class='ocrx_word' id='word_1_216' title='bbox 308 1737 395 1775; x_wconf 92' lang='lat' dir='ltr'>Nec</span> <span class='ocrx_word' id='word_1_217' title='bbox 423 1747 514 1772; x_wconf 91' lang='lat' dir='ltr'>vero</span> <span class='ocrx_word' id='word_1_218' title='bbox 546 1735 784 1780; x_wconf 84' lang='lat' dir='ltr'>Protagoras,</span> <span class='ocrx_word' id='word_1_219' title='bbox 810 1728 876 1777; x_wconf 93' lang='lat' dir='ltr'>qui</span> <span class='ocrx_word' id='word_1_220' title='bbox 905 1737 989 1763; x_wconf 90' lang='lat' dir='ltr'>sese</span> <span class='ocrx_word' id='word_1_221' title='bbox 1019 1729 1134 1772; x_wconf 85' lang='lat' dir='ltr'>negat</span> <span class='ocrx_word' id='word_1_222' title='bbox 1163 1721 1323 1759; x_wconf 88' lang='lat' dir='ltr'>omnino</span> <span class='ocrx_word' id='word_1_223' title='bbox 1347 1719 1396 1755; x_wconf 92' lang='lat' dir='ltr'>de</span> <span class='ocrx_word' id='word_1_224' title='bbox 1422 1717 1505 1755; x_wconf 89' lang='lat' dir='ltr'>deis</span> 
     </span>
     <span class='ocr_line' id='line_1_26' title="bbox 60 1774 1506 1851; baseline -0.018 -8"><span class='ocrx_word' id='word_1_225' title='bbox 60 1820 92 1844; x_wconf 84' lang='lat'>25</span> <span class='ocrx_word' id='word_1_226' title='bbox 110 1804 251 1842; x_wconf 88' lang='lat' dir='ltr'>habere</span> <span class='ocrx_word' id='word_1_227' title='bbox 285 1800 392 1851; x_wconf 93' lang='lat' dir='ltr'>quod</span> <span class='ocrx_word' id='word_1_228' title='bbox 429 1800 585 1848; x_wconf 88' lang='lat' dir='ltr'>liqueat,</span> <span class='ocrx_word' id='word_1_229' title='bbox 620 1796 706 1842; x_wconf 90' lang='lat' dir='ltr'>sint,</span> <span class='ocrx_word' id='word_1_230' title='bbox 740 1805 821 1831; x_wconf 89' lang='lat' dir='ltr'>non</span> <span class='ocrx_word' id='word_1_231' title='bbox 850 1792 930 1829; x_wconf 86' lang='lat' dir='ltr'>sint</span> <span class='ocrx_word' id='word_1_232' title='bbox 962 1788 1141 1838; x_wconf 88' lang='lat' dir='ltr'>qualesve</span> <span class='ocrx_word' id='word_1_233' title='bbox 1176 1786 1262 1830; x_wconf 88' lang='lat' dir='ltr'>sint,</span> <span class='ocrx_word' id='word_1_234' title='bbox 1297 1774 1506 1832; x_wconf 84' lang='lat' dir='ltr'>quicquam</span> 
     </span>
     <span class='ocr_line' id='line_1_27' title="bbox 109 1845 1508 1906; baseline -0.019 1"><span class='ocrx_word' id='word_1_235' title='bbox 109 1868 261 1906; x_wconf 89' lang='lat' dir='ltr'>videtur</span> <span class='ocrx_word' id='word_1_236' title='bbox 286 1866 336 1904; x_wconf 90' lang='lat' dir='ltr'>de</span> <span class='ocrx_word' id='word_1_237' title='bbox 365 1871 500 1902; x_wconf 89' lang='lat' dir='ltr'>natura</span> <span class='ocrx_word' id='word_1_238' title='bbox 523 1862 687 1900; x_wconf 89' lang='lat' dir='ltr'>deorum</span> <span class='ocrx_word' id='word_1_239' title='bbox 715 1855 912 1906; x_wconf 89' lang='lat' dir='ltr'>suspicari.</span> <span class='ocrx_word' id='word_1_240' title='bbox 970 1851 1105 1901; x_wconf 87' lang='lat' dir='ltr'>Quid?</span> <span class='ocrx_word' id='word_1_241' title='bbox 1162 1848 1420 1891; x_wconf 88' lang='lat' dir='ltr'>Democritus,</span> <span class='ocrx_word' id='word_1_242' title='bbox 1443 1845 1508 1893; x_wconf 89' lang='lat' dir='ltr'>qui</span> 
     </span>
     <span class='ocr_line' id='line_1_28' title="bbox 112 1910 1507 1979; baseline -0.019 -8"><span class='ocrx_word' id='word_1_243' title='bbox 112 1939 194 1971; x_wconf 86' lang='lat' dir='ltr'>turn</span> <span class='ocrx_word' id='word_1_244' title='bbox 222 1931 408 1979; x_wconf 86' lang='lat' dir='ltr'>imagines</span> <span class='ocrx_word' id='word_1_245' title='bbox 437 1937 647 1974; x_wconf 86' lang='lat' dir='ltr'>earumque</span> <span class='ocrx_word' id='word_1_246' title='bbox 677 1921 900 1960; x_wconf 89' lang='lat' dir='ltr'>circumitus</span> <span class='ocrx_word' id='word_1_247' title='bbox 930 1919 968 1955; x_wconf 93' lang='lat' dir='ltr'>in</span> <span class='ocrx_word' id='word_1_248' title='bbox 998 1917 1160 1954; x_wconf 87' lang='lat' dir='ltr'>deorum</span> <span class='ocrx_word' id='word_1_249' title='bbox 1191 1924 1352 1951; x_wconf 90' lang='lat' dir='ltr'>numero</span> <span class='ocrx_word' id='word_1_250' title='bbox 1382 1910 1507 1954; x_wconf 88' lang='lat' dir='ltr'>refert,</span> 
     </span>
     <span class='ocr_line' id='line_1_29' title="bbox 113 1975 1509 2039; baseline -0.019 -4"><span class='ocrx_word' id='word_1_251' title='bbox 113 2003 195 2035; x_wconf 90' lang='lat' dir='ltr'>tum</span> <span class='ocrx_word' id='word_1_252' title='bbox 215 1996 317 2033; x_wconf 89' lang='lat' dir='ltr'>illam</span> <span class='ocrx_word' id='word_1_253' title='bbox 338 2000 524 2037; x_wconf 87' lang='lat' dir='ltr'>naturam,</span> <span class='ocrx_word' id='word_1_254' title='bbox 545 2001 645 2039; x_wconf 91' lang='lat' dir='ltr'>quae</span> <span class='ocrx_word' id='word_1_255' title='bbox 675 1986 861 2035; x_wconf 88' lang='lat' dir='ltr'>imagines</span> <span class='ocrx_word' id='word_1_256' title='bbox 890 1982 1024 2020; x_wconf 90' lang='lat' dir='ltr'>fundat</span> <span class='ocrx_word' id='word_1_257' title='bbox 1052 1993 1098 2017; x_wconf 90' lang='lat' dir='ltr'>ac</span> <span class='ocrx_word' id='word_1_258' title='bbox 1125 1979 1262 2023; x_wconf 89' lang='lat' dir='ltr'>mittat,</span> <span class='ocrx_word' id='word_1_259' title='bbox 1284 1983 1366 2013; x_wconf 89' lang='lat' dir='ltr'>tum</span> <span class='ocrx_word' id='word_1_260' title='bbox 1385 1975 1509 2012; x_wconf 91' lang='lat' dir='ltr'>scien-</span> 
     </span>
     <span class='ocr_line' id='line_1_30' title="bbox 114 2044 1511 2107; baseline -0.019 -8"><span class='ocrx_word' id='word_1_261' title='bbox 114 2062 207 2099; x_wconf 88' lang='lat' dir='ltr'>tiam</span> <span class='ocrx_word' id='word_1_262' title='bbox 230 2057 608 2107; x_wconf 87' lang='lat' dir='ltr'>intellegentiamque</span> <span class='ocrx_word' id='word_1_263' title='bbox 633 2058 816 2095; x_wconf 86' lang='lat' dir='ltr'>nostram,</span> <span class='ocrx_word' id='word_1_264' title='bbox 837 2059 968 2086; x_wconf 88' lang='lat' dir='ltr'>nonne</span> <span class='ocrx_word' id='word_1_265' title='bbox 989 2047 1028 2083; x_wconf 87' lang='lat' dir='ltr'>in</span> <span class='ocrx_word' id='word_1_266' title='bbox 1050 2044 1219 2081; x_wconf 88' lang='lat' dir='ltr'>maximo</span> <span class='ocrx_word' id='word_1_267' title='bbox 1240 2052 1366 2078; x_wconf 90' lang='lat' dir='ltr'>errore</span> <span class='ocrx_word' id='word_1_268' title='bbox 1387 2050 1511 2075; x_wconf 88' lang='lat' dir='ltr'>versa-</span> 
     </span>
     <span class='ocr_line' id='line_1_31' title="bbox 67 2108 1512 2165; baseline -0.019 -1"><span class='ocrx_word' id='word_1_269' title='bbox 67 2141 100 2165; x_wconf 82' lang='lat'>30</span> <span class='ocrx_word' id='word_1_270' title='bbox 116 2125 209 2164; x_wconf 62' lang='lat' dir='ltr'>turi</span> <span class='ocrx_word' id='word_1_271' title='bbox 230 2136 320 2161; x_wconf 88' lang='lat' dir='ltr'>cum</span> <span class='ocrx_word' id='word_1_272' title='bbox 349 2122 454 2159; x_wconf 90' lang='lat' dir='ltr'>idem</span> <span class='ocrx_word' id='word_1_273' title='bbox 483 2119 656 2162; x_wconf 90' lang='lat' dir='ltr'>omnino,</span> <span class='ocrx_word' id='word_1_274' title='bbox 687 2115 778 2164; x_wconf 88' lang='lat' dir='ltr'>quia</span> <span class='ocrx_word' id='word_1_275' title='bbox 804 2112 899 2150; x_wconf 88' lang='lat' dir='ltr'>nihil</span> <span class='ocrx_word' id='word_1_276' title='bbox 928 2121 1081 2158; x_wconf 91' lang='lat' dir='ltr'>semper</span> <span class='ocrx_word' id='word_1_277' title='bbox 1111 2119 1182 2145; x_wconf 91' lang='lat' dir='ltr'>suo</span> <span class='ocrx_word' id='word_1_278' title='bbox 1213 2111 1312 2143; x_wconf 88' lang='lat' dir='ltr'>statu</span> <span class='ocrx_word' id='word_1_279' title='bbox 1346 2108 1512 2147; x_wconf 91' lang='lat' dir='ltr'>maneat,</span> 
     </span>
     <span class='ocr_line' id='line_1_32' title="bbox 117 2166 1516 2238; baseline -0.019 -10"><span class='ocrx_word' id='word_1_280' title='bbox 117 2195 233 2238; x_wconf 82' lang='lat' dir='ltr'>neget</span> <span class='ocrx_word' id='word_1_281' title='bbox 265 2199 349 2225; x_wconf 89' lang='lat' dir='ltr'>esse</span> <span class='ocrx_word' id='word_1_282' title='bbox 383 2186 594 2234; x_wconf 89' lang='lat' dir='ltr'>quicquam</span> <span class='ocrx_word' id='word_1_283' title='bbox 627 2180 918 2228; x_wconf 90' lang='lat' dir='ltr'>sempiternum,</span> <span class='ocrx_word' id='word_1_284' title='bbox 949 2185 1080 2211; x_wconf 90' lang='lat' dir='ltr'>nonne</span> <span class='ocrx_word' id='word_1_285' title='bbox 1110 2171 1230 2209; x_wconf 91' lang='lat' dir='ltr'>deum</span> <span class='ocrx_word' id='word_1_286' title='bbox 1265 2168 1426 2206; x_wconf 89' lang='lat' dir='ltr'>omnino</span> <span class='ocrx_word' id='word_1_287' title='bbox 1464 2166 1516 2202; x_wconf 87' lang='lat' dir='ltr'>ita</span> 
     </span>
     <span class='ocr_line' id='line_1_33' title="bbox 118 2230 1514 2298; baseline -0.019 -7"><span class='ocrx_word' id='word_1_288' title='bbox 118 2253 226 2298; x_wconf 72' lang='lat' dir='ltr'>tollit,</span> <span class='ocrx_word' id='word_1_289' title='bbox 256 2258 298 2289; x_wconf 93' lang='lat' dir='ltr'>ut</span> <span class='ocrx_word' id='word_1_290' title='bbox 326 2250 470 2287; x_wconf 91' lang='lat' dir='ltr'>nullam</span> <span class='ocrx_word' id='word_1_291' title='bbox 499 2246 724 2296; x_wconf 91' lang='lat' dir='ltr'>opinionem</span> <span class='ocrx_word' id='word_1_292' title='bbox 753 2242 834 2279; x_wconf 90' lang='lat' dir='ltr'>eius</span> <span class='ocrx_word' id='word_1_293' title='bbox 863 2240 1050 2287; x_wconf 88' lang='lat' dir='ltr'>reliquam</span> <span class='ocrx_word' id='word_1_294' title='bbox 1079 2236 1221 2273; x_wconf 86' lang='lat' dir='ltr'>faciat?</span> <span class='ocrx_word' id='word_1_295' title='bbox 1277 2231 1411 2280; x_wconf 88' lang='lat' dir='ltr'>Quid?</span> <span class='ocrx_word' id='word_1_296' title='bbox 1439 2230 1514 2274; x_wconf 84' lang='lat' dir='ltr'>a&#39;er,</span> 
     </span>
     <span class='ocr_line' id='line_1_34' title="bbox 120 2295 1516 2366; baseline -0.019 -11"><span class='ocrx_word' id='word_1_297' title='bbox 120 2329 200 2366; x_wconf 93' lang='lat' dir='ltr'>quo</span> <span class='ocrx_word' id='word_1_298' title='bbox 238 2316 436 2363; x_wconf 85' lang='lat' dir='ltr'>Diogenes</span> <span class='ocrx_word' id='word_1_299' title='bbox 473 2309 736 2360; x_wconf 89' lang='lat' dir='ltr'>Apolloniates</span> <span class='ocrx_word' id='word_1_300' title='bbox 770 2305 886 2343; x_wconf 89' lang='lat' dir='ltr'>utitur</span> <span class='ocrx_word' id='word_1_301' title='bbox 915 2303 1004 2347; x_wconf 91' lang='lat' dir='ltr'>deo,</span> <span class='ocrx_word' id='word_1_302' title='bbox 1034 2313 1151 2349; x_wconf 85' lang='lat' dir='ltr'>quem</span> <span class='ocrx_word' id='word_1_303' title='bbox 1185 2309 1341 2336; x_wconf 87' lang='lat' dir='ltr'>sensum</span> <span class='ocrx_word' id='word_1_304' title='bbox 1375 2295 1516 2332; x_wconf 88' lang='lat' dir='ltr'>habere</span> 
     </span>
     <span class='ocr_line' id='line_1_35' title="bbox 121 2359 1569 2430; baseline -0.019 -11"><span class='ocrx_word' id='word_1_305' title='bbox 121 2385 250 2430; x_wconf 90' lang='lat' dir='ltr'>potest</span> <span class='ocrx_word' id='word_1_306' title='bbox 282 2385 348 2416; x_wconf 90' lang='lat' dir='ltr'>aut</span> <span class='ocrx_word' id='word_1_307' title='bbox 376 2389 494 2425; x_wconf 89' lang='lat' dir='ltr'>quam</span> <span class='ocrx_word' id='word_1_308' title='bbox 526 2375 690 2412; x_wconf 90' lang='lat' dir='ltr'>formam</span> <span class='ocrx_word' id='word_1_309' title='bbox 719 2370 811 2408; x_wconf 91' lang='lat' dir='ltr'>dei?</span> <span class='ocrx_word' id='word_1_310' title='bbox 867 2369 951 2405; x_wconf 88' lang='lat' dir='ltr'>Iam</span> <span class='ocrx_word' id='word_1_311' title='bbox 981 2365 1030 2403; x_wconf 91' lang='lat' dir='ltr'>de</span> <span class='ocrx_word' id='word_1_312' title='bbox 1062 2363 1229 2402; x_wconf 85' lang='lat' dir='ltr'>Platonis</span> <span class='ocrx_word' id='word_1_313' title='bbox 1259 2359 1518 2398; x_wconf 89' lang='lat' dir='ltr'>inconstantia</span> <span class='ocrx_word' id='word_1_314' title='bbox 1536 2365 1569 2391; x_wconf 89' lang='lat'>30</span> 
     </span>
     <span class='ocr_line' id='line_1_36' title="bbox 75 2422 1520 2494; baseline -0.018 -10"><span class='ocrx_word' id='word_1_315' title='bbox 75 2459 105 2484; x_wconf 86' lang='lat'>3⁵</span> <span class='ocrx_word' id='word_1_316' title='bbox 122 2446 281 2494; x_wconf 87' lang='lat' dir='ltr'>longum</span> <span class='ocrx_word' id='word_1_317' title='bbox 301 2448 359 2480; x_wconf 88' lang='lat' dir='ltr'>est</span> <span class='ocrx_word' id='word_1_318' title='bbox 380 2441 523 2486; x_wconf 88' lang='lat' dir='ltr'>dicere,</span> <span class='ocrx_word' id='word_1_319' title='bbox 544 2438 610 2487; x_wconf 91' lang='lat' dir='ltr'>qui</span> <span class='ocrx_word' id='word_1_320' title='bbox 629 2437 669 2474; x_wconf 92' lang='lat' dir='ltr'>in</span> <span class='ocrx_word' id='word_1_321' title='bbox 687 2435 850 2473; x_wconf 87' lang='lat' dir='ltr'>Timaeo</span> <span class='ocrx_word' id='word_1_322' title='bbox 870 2438 1021 2481; x_wconf 89' lang='lat' dir='ltr'>patrem</span> <span class='ocrx_word' id='word_1_323' title='bbox 1041 2429 1153 2466; x_wconf 90' lang='lat' dir='ltr'>huius</span> <span class='ocrx_word' id='word_1_324' title='bbox 1173 2425 1310 2464; x_wconf 87' lang='lat' dir='ltr'>mundi</span> <span class='ocrx_word' id='word_1_325' title='bbox 1329 2422 1520 2461; x_wconf 87' lang='lat' dir='ltr'>nominari</span> 
     </span>
    </p>
   </div>
   <div class='ocr_carea' id='block_1_3' title="bbox 1511 1447 1558 1516">
    <p class='ocr_par' dir='ltr' id='par_1_3' title="bbox 1511 1447 1558 1516">
     <span class='ocr_line' id='line_1_37' title="bbox 1511 1447 1558 1481; baseline 0 0"><span class='ocrx_word' id='word_1_326' title='bbox 1511 1447 1558 1481; x_wconf 75' lang='lat'>12</span> 
     </span>
     <span class='ocr_line' id='line_1_38' title="bbox 1518 1491 1553 1516; baseline 0 0"><span class='ocrx_word' id='word_1_327' title='bbox 1518 1491 1553 1516; x_wconf 81' lang='lat'>29</span> 
     </span>
    </p>
   </div>
  </div>
 </body>
</html>
