1714 2807
173 163 187 191 Ι
195 161 252 202 40
604 163 666 194 DE
696 163 886 195 NATURA
918 163 1127 196 DEORUM.

273 264 454 314 Aspice
492 263 581 302 hoc
619 265 825 302 sublime
869 265 1105 310 candens,
1145 277 1283 314 quem
1326 265 1559 303 invocant

1073 341 1239 366 omnes
1271 330 1450 366 Iovem.

117 405 145 430 11
169 393 288 441 Quasi
308 405 398 429 vero
426 392 627 440 quisquam
652 400 823 429 nostrum
854 393 967 430 istum
997 394 1124 441 potius
1154 406 1268 440 quam
1299 394 1558 441 Capitolinum

168 459 301 494 Iovem
323 457 490 505 appellet
510 464 574 493 aut
596 457 670 493 hoc
692 458 937 504 perspicuum
965 458 1011 493 sit
1039 465 1266 504 constetque
1297 458 1393 493 inter
1421 459 1558 502 omnis,

166 534 234 559 eos
254 534 336 558 esse
358 521 466 566 deos,
483 533 580 569 quos
601 521 668 557 tibi
685 521 853 557 Velleius
874 522 1057 568 multique
1080 529 1276 569 practerea
1291 534 1339 558 ne
1356 522 1558 558 animantis
1586 531 1600 554 ⁵

166 585 325 634 quidem
355 597 438 622 esse
469 584 701 622 concedant.
760 586 885 622 Grave
916 586 1030 622 etiam
1061 593 1327 633 argumentum
1355 586 1423 622 tibi
1453 585 1558 622 vide-

165 649 287 694 batur,
323 648 429 697 quod
467 649 599 697 opinio
634 648 684 686 de
723 648 782 685 dis
821 650 1082 686 inmortalibus
1113 656 1151 686 et
1184 650 1357 686 omnium
1390 656 1491 686 esset
1521 657 1559 686 et

167 713 311 750 cotidie
342 720 544 750 cresceret.
603 713 734 750 Placet
765 714 875 761 igitur
903 720 1027 750 tantas
1056 725 1116 750 res
1145 713 1329 761 opinione
1359 713 1559 750 stultorum

120 782 144 817 5
169 777 340 822 iudicari,
369 777 478 814 vobis
517 777 754 825 praesertim,
785 778 849 824 qui
884 777 965 813 illos
996 777 1149 813 insanos
1179 789 1261 813 esse
1291 776 1456 814 dicatis?
1509 778 1560 814 At

166 841 269 878 enirn
299 841 511 889 praesentis
531 840 707 878 videmus
737 840 845 886 deos,
867 847 907 877 ut
931 840 1036 888 apud
1058 840 1249 889 Regillum
1271 841 1499 886 Postumius,
1520 841 1559 878 in
1578 856 1610 872 ιο

166 905 308 942 Salaria
326 905 502 942 Vatinius
518 918 527 951 ;
558 905 690 941 nescio
712 904 805 952 quid
826 905 940 941 etiam
969 904 1018 941 de
1042 905 1253 941 Locrorum
1273 903 1378 952 apud
1405 904 1559 952 Sagram

165 969 325 1016 proelio.
382 969 491 1016 Quos
513 969 623 1017 igitur
646 976 685 1005 tu
706 968 948 1017 Tyndaridas
975 968 1206 1016 appellabas,
1229 968 1268 1005 id
1298 975 1355 1005 est
1384 968 1560 1005 homines

166 1032 323 1069 homine
352 1040 474 1077 natos,
497 1040 534 1069 et
563 1045 660 1080 quos
692 1034 901 1078 Homerus,
923 1033 987 1080 qui
1015 1044 1150 1069 recens
1180 1033 1228 1070 ab
1258 1032 1405 1069 illorum
1434 1039 1558 1069 aetate

167 1097 247 1142 suit,
279 1097 449 1145 sepultos
481 1108 565 1133 esse
597 1097 690 1133 dicit
724 1097 1033 1142 Lacedaemone,
1065 1109 1132 1133 eos
1163 1103 1203 1133 tu
1235 1097 1436 1133 cantheriis
1465 1097 1559 1134 albis
1595 1097 1598 1099 ’

167 1161 277 1198 nullis
307 1161 504 1198 calonibus
533 1161 585 1198 ob
605 1162 704 1197 viam
725 1161 880 1197 Vatinio
900 1162 1051 1198 venisse
1081 1161 1274 1198 existimas
1304 1168 1340 1198 et
1360 1161 1559 1198 victoriam
1580 1173 1609 1197 ¹⁵

167 1226 301 1274 populi
323 1225 490 1262 Romani
510 1226 666 1262 Vatinio
687 1225 827 1273 potius,
851 1225 996 1261 homini
1016 1226 1170 1271 rustico,
1193 1237 1308 1273 quam
1331 1226 1385 1262 M.
1407 1225 1559 1271 Catoni,

168 1290 233 1338 qui
266 1296 347 1326 tum
381 1296 460 1326 erat
493 1289 684 1337 princeps,
721 1290 982 1326 nuntiavisse?
1038 1290 1139 1337 Ergo
1173 1296 1211 1326 et
1245 1289 1336 1326 illud
1370 1289 1408 1326 in
1441 1289 1559 1335 silice,

168 1352 275 1401 quod
296 1352 412 1390 hodie
433 1360 592 1401 apparet
612 1353 717 1401 apud
739 1353 929 1401 Regillum
951 1359 1147 1400 tamquam
1162 1353 1364 1401 vestigium
1381 1353 1559 1401 ungulae,

117 1429 151 1456 12
169 1418 337 1455 Castoris
367 1417 455 1465 equi
486 1417 612 1454 credis
643 1418 756 1454 esse?
813 1418 955 1454 Nonne
984 1418 1102 1454 mavis
1133 1417 1224 1454 illud
1253 1416 1424 1463 credere,
1455 1417 1560 1465 quod

168 1481 321 1530 probari
341 1488 481 1529 potest,
502 1481 652 1518 animos
677 1481 959 1529 praeclarorum
984 1481 1197 1526 hominum,
1219 1481 1350 1529 quales
1378 1482 1438 1518 isti
1456 1481 1559 1530 Tyn·
1579 1495 1612 1512 20

169 1545 326 1582 daridae
347 1545 510 1591 fuerunt,
531 1544 681 1581 divinos
711 1557 794 1582 esse
824 1550 862 1582 et
891 1551 1079 1590 aeternos,
1101 1557 1218 1593 quam
1247 1557 1328 1590 eos,
1349 1546 1414 1594 qui
1443 1545 1562 1582 semel

169 1609 328 1646 cremati
349 1615 488 1655 essent,
505 1609 675 1657 equitare
696 1616 734 1646 et
755 1610 793 1645 in
814 1610 896 1646 acie
918 1621 1087 1657 pugnare
1108 1609 1310 1657 potuisse?
1337 1616 1414 1655 aut,
1435 1610 1465 1647 si
1485 1609 1561 1647 hoc

169 1674 250 1710 fieri
287 1674 458 1721 potuisse
497 1672 605 1719 dicis,
639 1673 783 1710 doceas
822 1680 986 1721 oportet,
1021 1685 1098 1721 quo
1136 1673 1269 1718 modo,
1298 1685 1372 1710 nec
1406 1674 1562 1711 fabellas

119 1748 152 1774 13
169 1738 288 1774 aniles
316 1737 496 1785 proferas.
552 1738 653 1773 Tum
676 1738 866 1774 Lucilius:
898 1739 958 1774 An
981 1737 1060 1783 tibi,
1082 1738 1214 1785 inquit,
1243 1737 1402 1775 fabellae
1428 1737 1561 1775 viden-

170 1802 257 1838 tur?
312 1802 455 1838 Nonne
482 1801 531 1837 ab
551 1802 596 1837 A.
619 1802 816 1838 Postumio
843 1801 981 1838 aedem
1003 1801 1152 1839 Castori
1178 1808 1215 1838 et
1244 1802 1388 1838 Polluci
1414 1802 1453 1838 in
1480 1802 1562 1838 soro
1580 1818 1612 1842 ας

173 1865 407 1910 dedicatam,
423 1877 552 1902 nonne
573 1872 727 1902 senatus
747 1866 966 1902 consultum
983 1865 1032 1901 de
1048 1865 1202 1902 Vatinio
1217 1865 1353 1902 vides?
1391 1866 1492 1902 Nam
1512 1865 1562 1902 de

172 1930 287 1978 Sagra
307 1930 545 1967 Graecorum
566 1929 680 1965 etiam
701 1936 758 1966 est
777 1929 928 1977 volgare
949 1929 1205 1977 proverbium,
1226 1929 1303 1977 qui,
1324 1941 1423 1978 quae
1450 1929 1562 1966 adfir-

172 2000 290 2038 mant,
312 1994 474 2030 certiora
502 2004 586 2030 esse
616 1992 751 2030 dicunt
780 2005 897 2041 quam
927 1994 1000 2037 illa,
1021 2005 1118 2041 quae
1139 1993 1243 2041 apud
1264 1994 1431 2042 Sagram.
1489 1994 1563 2031 His

171 2057 283 2105 igitur
301 2057 520 2093 auctoribus
540 2068 670 2093 nonne
687 2056 808 2094 debes
825 2058 998 2094 moveri?
1029 2058 1129 2093 'l‘um
1148 2058 1263 2094 Cotta
1279 2072 1286 2094 :
1317 2057 1562 2103 Rumoribus,

172 2121 306 2169 inquit,
323 2132 477 2158 mecum
493 2132 654 2168 pugnas,
673 2121 803 2166 Balbe,
821 2133 894 2168 ego
909 2128 1037 2157 autem
1056 2133 1077 2157 a
1097 2128 1133 2157 te
1155 2122 1320 2158 rationes
1340 2122 1491 2169 requiro
1505 2150 1514 2158 .
1529 2150 1538 2158 .
1553 2150 1562 2159 .
1583 2139 1616 2165 30

227 2186 456 2233 Sequuntur,
477 2196 575 2233 quae
596 2185 719 2221 sutura
739 2191 837 2222 sunt.
897 2184 1073 2233 Effugere
1095 2186 1198 2222 enim
1219 2197 1336 2222 nemo
1361 2185 1400 2222 id
1424 2191 1562 2233 potest,

173 2249 279 2298 quod
300 2250 466 2286 futurum
487 2256 556 2286 est.
613 2250 736 2297 Saepe
757 2255 885 2286 autem
905 2261 953 2285 ne
975 2249 1064 2285 utile
1086 2249 1242 2297 quidem
1264 2255 1321 2286 est
1341 2250 1449 2294 scire,
1471 2248 1564 2298 quid

173 2314 339 2351 futurum
373 2314 419 2350 sit
436 2327 446 2359 ;
483 2313 664 2350 miserum
699 2319 755 2350 est
789 2313 892 2350 enim
929 2313 1023 2349 nihil
1061 2313 1327 2361 proficientem
1365 2314 1454 2362 angi
1490 2325 1565 2350 nec

174 2378 314 2415 habere
334 2389 382 2414 ne
404 2377 486 2425 spei
507 2375 666 2425 quidem
687 2382 899 2413 extremum
921 2383 959 2414 et
979 2383 1109 2414 tamen
1129 2389 1338 2414 commune
1365 2377 1564 2423 solacium,

174 2441 396 2490 praesertim
426 2453 514 2478 cum
534 2452 602 2477 vos
632 2439 749 2477 iidem
779 2440 856 2478 fato
885 2440 965 2478 fieri
989 2440 1126 2478 dicatis
1146 2441 1288 2488 omnia,
1309 2440 1415 2489 quod
1435 2448 1562 2478 autem
1584 2458 1614 2482 3⁵

128 2171 152 2205 6

124 2215 155 2241 14
