1714 2807
166 148 241 187 108
596 155 658 186 DE
688 155 879 188 NATURA
909 155 1120 187 DEORUM.

158 270 206 295 ex
227 257 465 306 corpusculis
496 269 575 294 non
607 257 745 300 calore,
767 269 845 293 non
877 257 1059 305 qualitate
1087 257 1224 306 aliqua,
1246 269 1362 306 quarn
1382 258 1560 307 ποιότητα

159 323 298 361 Graeci
319 328 470 366 vocant,
492 333 571 358 non
601 333 712 358 sensu
744 320 937 369 praeditis,
968 321 1037 358 sed
1068 322 1383 359 concurrentibus
1411 329 1556 359 temere

158 395 273 435 atque
294 399 384 422 casu
406 385 594 422 mundum
616 397 698 422 esse
721 385 946 433 perfectum,
967 386 1027 421 vel
1053 385 1350 423 innumerabiles
1374 387 1501 434 potius
1521 387 1559 423 in

158 452 262 488 omni
286 458 431 499 puncto
454 450 637 497 temporis
663 450 754 485 alios
777 449 894 493 nasci,
916 449 1011 486 alios
1036 450 1214 486 interire?
1271 450 1420 498 Quodsi
1450 463 1558 487 mun-

159 515 251 552 dum
290 515 442 552 efficere
484 521 610 562 potest
646 526 857 550 concursus
896 521 1125 558 atomorum,
1160 526 1227 551 cur
1259 515 1461 563 porticum,
1492 526 1561 551 cur

158 579 358 627 templum,
388 591 455 615 cur
488 578 663 623 domum,
695 590 762 614 cur
787 578 921 615 urbem
952 590 1031 614 non
1060 579 1215 626 potest?
1243 591 1341 627 quae
1373 585 1459 615 sunt
1489 579 1559 615 mi-

159 657 229 681 nus
259 655 421 692 operosa
450 649 488 679 et
522 643 642 679 multo
673 641 832 690 quidem
864 642 1043 679 faciliora.
1109 643 1223 680 Certe
1255 643 1305 680 ita
1335 651 1478 680 temere
1509 642 1560 679 de

159 707 306 745 mundo
327 708 514 752 effutiunt,
535 714 576 744 ut
606 707 698 743 mihi
729 706 886 754 quidem
918 718 1130 754 numquam
1161 706 1264 743 hunc
1295 707 1560 744 admirabilem

159 773 254 809 caeli
293 780 483 817 ornatum,
515 772 580 820 qui
614 772 721 808 locus
760 778 817 808 est
855 771 1064 819 proximus,
1099 772 1314 819 suspexisse
1347 771 1558 808 videantur.

1588 529 1601 552 5

109 843 142 869 95
162 837 357 874 Praeclare
385 847 476 884 ergo
497 836 718 873 Aristoteles
736 850 742 872 :
787 838 795 853 ‘
811 835 858 873 Si
899 847 919 872 e
934 848 950 872 s
963 848 980 872 s
993 847 1014 872 e
1028 848 1050 871 n
1064 842 1078 872 t
1092 836 1114 881 ',
1149 835 1282 884 inquit,
1317 837 1327 854 ‘
1343 847 1368 884 q
1381 836 1430 872 ui
1469 847 1486 872 s
1498 848 1523 872 u
1535 835 1562 888 b
1581 851 1612 868 ιο

102 2362 150 2398 38

109 2408 143 2433 96

158 909 300 938 terra
341 912 548 949 semper
586 900 988 937 habitavissent
1029 899 1184 937 bonis
1224 906 1272 937 et
1313 899 1559 937 inlustri-

159 965 251 1003 bus
289 964 611 1010 domiciliis,
651 976 782 1012 quae
821 971 1005 1000 essent
1042 971 1232 1001 ornata
1275 964 1445 1012 signis
1482 970 1559 1001 at-

159 1041 256 1078 que
294 1029 528 1078 picturis
566 1029 947 1076 instructaque
987 1028 1144 1065 rebus
1184 1028 1248 1065 iis
1290 1028 1559 1074 omnibus,

159 1094 350 1142 quibus
397 1093 673 1130 abundant
720 1093 779 1138 ii,
819 1093 907 1141 qui
954 1093 1100 1129 beati
1147 1099 1424 1141 putantur,
1462 1104 1559 1130 nec
1606 1124 1609 1126 .

159 1166 332 1196 tamen
371 1158 613 1194 exissent
660 1169 899 1205 umquam
945 1169 1104 1205 supra
1149 1163 1365 1203 terram,
1404 1169 1558 1194 acce-

159 1223 369 1271 pissent
407 1228 579 1259 autem
625 1222 758 1258 fama
804 1228 852 1258 et
898 1221 1180 1258 auditione
1228 1233 1344 1259 esse
1392 1221 1559 1270 quod-

160 1286 272 1324 dam
327 1298 513 1323 numen
570 1293 619 1322 et
673 1287 772 1322 vim
828 1285 1068 1331 deorum,
1125 1285 1322 1323 deinde
1377 1286 1560 1334 aliquo

159 1357 400 1399 tempore
456 1350 753 1399 patefactis
809 1357 984 1386 terrae
1037 1350 1286 1387 saucibus
1338 1362 1396 1394 ex
1446 1350 1560 1387 illis

160 1415 368 1452 abditis
416 1414 636 1451 sedibus
687 1413 915 1451 evadere
968 1414 1017 1451 in
1069 1414 1197 1451 haec
1249 1414 1390 1460 loca,
1428 1425 1558 1462 quae

159 1491 252 1516 nos
301 1479 611 1523 incolimus,
660 1485 816 1526 atque
864 1478 1009 1515 exire
1056 1479 1398 1527 potuissent:
1447 1490 1559 1515 cum

159 1550 383 1592 repente
417 1550 608 1580 terram
642 1550 691 1579 et
724 1543 884 1579 maria
917 1543 1232 1591 caelumque
1265 1543 1558 1589 vidissent,

160 1608 374 1645 nubium
412 1607 836 1656 magnitudinem
875 1614 1261 1656 ventorumque
1299 1608 1397 1644 vim
1435 1619 1558 1657 cog-

160 1673 441 1710 novissent
485 1672 935 1720 aspexissentque
978 1671 1142 1708 solem
1184 1672 1406 1720 eiusque
1448 1683 1558 1708 cum

160 1735 584 1785 magnitudinem
631 1735 1229 1784 pulchritudinemque,
1259 1742 1362 1772 tum
1400 1736 1557 1772 etiam

161 1801 524 1840 efficientiam
559 1799 969 1848 cognovissent,
1004 1799 1143 1848 quod
1182 1800 1223 1837 is
1256 1799 1394 1836 diem
1432 1800 1556 1837 effi-

161 1873 307 1903 ceret
345 1870 459 1902 toto
495 1864 645 1901 caelo
679 1864 796 1900 luce
832 1863 1068 1909 diffusa;
1103 1875 1214 1900 cum
1247 1871 1418 1901 autem
1451 1870 1556 1901 ter—

160 1943 239 1967 ras
277 1941 376 1966 nox
413 1934 725 1977 opacasset,
764 1934 868 1965 tum
906 1929 1109 1965 caelum
1157 1935 1323 1965 totum
1371 1940 1556 1966 cerne-

160 2001 276 2031 rent
322 1993 482 2030 astris
529 1992 850 2030 distinctum
902 1999 951 2030 et
1001 2000 1239 2030 ornatum
1291 1992 1556 2041 lunaeque

160 2058 409 2095 luminum
447 2057 766 2094 varietatem
812 2064 916 2094 tum
963 2059 1290 2103 crescentis,
1329 2065 1430 2095 tum
1477 2070 1556 2095 se-

160 2122 439 2159 nescentis
477 2133 765 2169 eorumque
804 2122 1031 2159 omnium
1068 2129 1215 2160 ortus
1249 2129 1297 2159 et
1330 2135 1557 2160 occasus

160 2193 318 2234 atque
358 2187 406 2223 in
445 2186 583 2223 omni
621 2186 952 2223 aeternitate
990 2193 1134 2223 ratos
1182 2187 1556 2224 inmutabiles-

160 2262 258 2299 que
305 2262 525 2296 cursus;
574 2261 703 2298 quae
751 2262 862 2286 cum
903 2249 1174 2296 viderent,
1214 2251 1463 2299 profecto
1510 2258 1558 2288 et

161 2327 278 2352 6556
318 2314 446 2352 (1605
489 2320 537 2351 et
583 2313 713 2350 haec
764 2320 912 2350 tanta
962 2326 1124 2362 opera
1174 2314 1390 2352 deorum
1441 2327 1557 2352 esse

161 2378 592 2416 arbitrarentur!
662 2379 788 2426 Atque
827 2377 925 2414 haec
962 2377 1121 2426 quidem
1166 2379 1238 2415 ille.
1310 2379 1392 2416 Nos
1429 2386 1558 2416 autem

159 2444 336 2481 tenebras
366 2443 579 2491 cogitemus
607 2448 742 2487 tantas,
764 2448 929 2490 quantae
949 2442 1150 2490 quondam
1171 2443 1372 2491 eruptione
1392 2444 1557 2480 Aetnae-

1580 1173 1609 1198 ¹⁵

1577 1497 1611 1515 20

1576 1816 1607 1840 25

1576 2138 1608 2161 30

1576 2455 1607 2480 35
