1681 2752
433 163 517 193 LIB.
542 163 587 193 11.
633 162 713 193 CAP.
735 163 968 194 LXI—LXIII.
1017 165 1055 204 ξς
1079 172 1235 206 152-159.
1458 167 1534 208 129

135 262 336 301 hominum
365 264 538 313 putanda
565 270 666 302 sunt.
726 265 810 301 Iam
839 277 930 302 vero
959 265 1181 302 circumitus
1220 266 1308 303 solis
1347 273 1385 303 et
1423 267 1533 304 lunae
1546 276 1593 300 155

135 329 446 377 reliquorumque
466 328 647 374 siderum,
669 340 904 376 quamquam
935 330 1051 366 etiam
1080 328 1130 366 ad
1161 330 1295 366 mundi
1325 331 1533 367 cohaeren-

136 393 228 429 tiam
265 393 469 441 pertinent,
508 399 636 429 tarnen
677 399 715 430 et
752 393 1016 441 spectaculum
1055 393 1275 430 hominibus
1322 395 1533 442 praebent;

136 457 238 493 nulla
257 464 314 494 est
334 457 437 494 enim
458 456 706 493 insatiabilior
735 457 898 505 species,
920 457 1023 493 nulla
1051 457 1246 505 pulchrior
1275 464 1313 494 et
1342 457 1392 494 ad
1422 459 1533 495 ratio-

95 538 108 561 5
137 533 226 557 nem
256 521 539 569 sollertiamque
573 521 845 569 praestantior;
884 533 1016 557 eorum
1047 521 1152 557 enim
1191 534 1323 558 cursus
1361 522 1534 559 dimetati

135 586 371 622 maturitates
391 592 610 633 temporum
632 592 670 622 et
689 586 892 622 varietates
916 586 1226 633 mutationesque
1257 587 1506 634 cognovimus
1524 600 1533 632 ;

135 661 234 697 quae
263 649 294 686 si
323 649 543 686 hominibus
573 649 663 686 solis
692 657 786 685 nota
814 655 914 694 sunt,
945 648 1147 686 hominum
1178 649 1278 686 facta
1307 662 1391 686 esse
1421 663 1536 687 causa

135 712 388 751 iudicandum
409 719 478 750 est.
534 714 654 750 Terra
672 726 763 751 vero
793 714 870 750 feta
899 714 1068 761 frugibus
1099 721 1136 750 et
1165 715 1268 750 vario
1297 714 1594 762 leguminum156

136 789 289 826 genere,
320 789 419 826 quae
448 790 539 814 cum
567 790 749 814 maxuma
777 778 948 826 largitate
989 777 1126 823 fundit,
1157 790 1203 814 ea
1242 778 1457 815 ferarumne
1486 791 1535 815 an

87 861 119 877 10
137 841 339 878 hominum
359 854 477 878 causa
505 841 662 890 gignere
690 841 869 878 videtur?
926 841 1032 889 Quid
1063 841 1111 878 de
1143 843 1280 879 vitibus
1310 843 1535 891 olivetisque

137 904 294 942 dicam?
321 918 483 954 quarum
503 906 697 943 uberrumi
717 906 1002 954 laetissumique
1024 907 1166 943 fructus
1187 906 1280 943 nihil
1299 907 1459 944 omnino
1486 906 1537 944 ad

135 970 277 1007 bestias
297 971 502 1018 pertinent.
561 971 700 1018 Neque
723 970 827 1006 enim
848 970 1002 1007 serendi
1023 982 1150 1018 neque
1173 970 1326 1007 colendi
1347 983 1420 1007 nec
1440 978 1535 1007 tem-

136 1034 283 1082 pestive
313 1033 538 1071 demetendi
566 1034 886 1083 percipiendique
918 1035 1060 1071 fructus
1098 1047 1226 1083 neque
1265 1035 1462 1072 condendi
1491 1047 1536 1071 ac

136 1097 353 1146 reponendi
372 1098 446 1134 ulla
465 1098 664 1146 pecudum
688 1098 848 1135 scientia
877 1105 946 1143 est,
969 1110 1176 1147 earumque
1206 1099 1380 1135 omnium
1409 1111 1533 1135 rerum

1545 1142 1634 1176 63⁷

89 1180 119 1203 15
137 1161 338 1199 hominurn
357 1168 472 1199 estet
500 1175 590 1199 usus
620 1169 659 1199 et
687 1175 790 1199 cura.
848 1163 903 1201 Ut
932 1162 1028 1199 fides
1055 1163 1166 1211 igitur
1194 1170 1232 1199 et
1261 1163 1371 1200 tibias
1401 1175 1532 1200 eorum
1547 1163 1594 1211 15’7

137 1238 254 1263 causa
272 1226 392 1263 factas
413 1226 626 1264 dicendum
646 1232 716 1273 est,
738 1227 803 1275 qui
824 1227 893 1264 illis
913 1227 967 1264 uti
987 1233 1159 1275 possent,
1175 1227 1230 1263 sic
1250 1239 1307 1272 ea,
1324 1239 1423 1275 quae
1445 1227 1535 1273 dixi,

137 1291 182 1328 iis
205 1291 294 1328 solis
323 1291 591 1328 confitendum
621 1298 679 1328 est
707 1303 791 1328 esse
822 1298 964 1340 parata,
987 1292 1052 1339 qui
1081 1297 1248 1337 utuntur,
1270 1303 1356 1337 nec,
1377 1292 1408 1328 si
1437 1303 1536 1339 quae

136 1355 283 1392 bestiae
303 1355 473 1392 furantur
492 1354 637 1404 aliquid
657 1367 706 1392 ex
725 1355 768 1392 iis
790 1362 854 1392 aut
873 1356 1037 1404 rapiunt,
1060 1355 1207 1392 illarum
1235 1367 1390 1404 quoque
1421 1368 1537 1392 causa

139 1431 186 1456 ea
203 1426 295 1456 nata
314 1431 397 1457 esse
419 1419 606 1457 dicemus.
664 1421 804 1468 Neque
827 1420 931 1456 enim
952 1420 1129 1456 homines
1151 1433 1303 1456 murum
1323 1427 1388 1456 aut
1407 1420 1534 1457 formi-

89 1500 122 1516 20
140 1496 272 1520 carum
293 1496 410 1521 causa
428 1484 662 1521 frumentum
684 1484 871 1529 condunt,
893 1483 963 1521 sed
985 1484 1194 1532 coniugum
1216 1491 1254 1520 et
1273 1484 1479 1521 liberorum
1499 1491 1538 1521 et

138 1548 366 1585 familiarum
403 1560 570 1586 suarum.
628 1549 764 1597 Itaque
794 1549 940 1585 bestiae
975 1549 1115 1594 furtim,
1146 1556 1187 1585 ut
1226 1548 1316 1593 dixi,
1347 1549 1534 1593 fruuntur,

140 1611 288 1649 domini
325 1613 453 1661 palam
491 1619 529 1650 et
566 1613 696 1650 libere.
754 1613 974 1649 Hominum
1013 1613 1125 1661 igitur
1162 1625 1279 1649 causa
1313 1624 1376 1649 eas
1409 1624 1536 1649 rerum
1547 1624 1596 1650 158

140 1678 273 1725 copias
293 1683 535 1725 comparatas
556 1676 756 1714 fatendum
777 1684 846 1722 est,
867 1677 939 1713 nisi
960 1677 1057 1714 forte
1079 1683 1184 1713 tanta
1204 1677 1355 1713 ubertas
1376 1683 1414 1713 et
1442 1677 1536 1713 vari-

141 1748 222 1778 etas
259 1753 465 1789 pomorum
500 1753 711 1789 eorumque
751 1741 943 1778 iucundus
972 1753 1052 1778 non
1090 1748 1261 1790 gustatus
1300 1741 1436 1786 solum,
1468 1740 1538 1778 sed

91 1823 122 1847 25
141 1805 322 1842 odoratus
342 1806 457 1842 etiam
478 1812 515 1842 et
535 1812 714 1853 aspectus
735 1805 1016 1843 dubitationem
1037 1805 1171 1851 adfert,
1200 1806 1292 1853 quin
1318 1805 1537 1842 hominibus

141 1870 230 1906 solis
251 1881 297 1906 ea
315 1876 449 1906 natura
469 1869 680 1907 donaverit.
736 1871 984 1918 Tantumque
1006 1870 1125 1915 abest,
1148 1877 1189 1906 ut
1209 1870 1306 1906 haec
1330 1870 1538 1907 bestiarum

141 1934 256 1970 etiam
277 1946 393 1970 causa
411 1941 543 1982 parata
562 1935 647 1979 sint,
670 1941 710 1971 ut
730 1935 831 1983 ipsas
851 1935 992 1971 bestias
1014 1934 1215 1971 hominum
1235 1934 1355 1982 gratia
1380 1946 1537 1982 genera-

141 2004 198 2034 tas
237 2010 319 2034 esse
356 1998 567 2035 videamus.
626 1998 732 2046 Quid
771 1999 874 2035 enim
909 2011 1000 2035 oves
1031 1998 1135 2035 aliud
1169 1998 1357 2044 adferunt,
1390 1999 1461 2035 nisi
1498 2004 1540 2034 ut

143 2074 275 2099 earum
293 2062 388 2099 villis
409 2063 596 2100 confectis
617 2070 732 2111 atque
753 2063 942 2100 contextis
972 2063 1149 2100 homines
1178 2063 1412 2099 vestiantur?
1441 2075 1538 2111 quae

94 2144 126 2167 30
144 2126 301 2174 quidem
322 2139 449 2174 neque
469 2127 517 2163 ali
538 2139 664 2175 neque
691 2127 894 2164 sustentari
922 2139 1051 2175 neque
1081 2128 1198 2164 ullurn
1228 2128 1394 2164 fructum
1425 2126 1539 2164 edere

145 2202 193 2227 ex
211 2202 252 2227 se
272 2190 353 2227 sine
375 2191 478 2228 cultu
500 2191 702 2228 hominum
722 2198 760 2228 et
781 2191 977 2228 curatione
999 2192 1227 2240 potuissent.
1277 2192 1429 2229 Canum
1449 2203 1540 2228 vero

144 2260 224 2291 tam
243 2254 321 2291 fida
343 2254 521 2292 custodia
549 2262 705 2304 tamque
734 2268 867 2293 amans
897 2255 1145 2293 dominorum
1174 2256 1344 2293 adulatio
1373 2262 1539 2293 tantum-

147 2330 221 2367 que
251 2318 386 2356 odium
415 2319 454 2356 in
483 2326 662 2357 externos
692 2326 731 2358 et
759 2327 837 2358 tarn
871 2320 1104 2358 incredibilis
1143 2320 1193 2357 ad
1231 2319 1541 2368 investigandum

147 2383 332 2431 sagacitas
352 2383 513 2429 narium,
533 2390 640 2421 tanta
658 2384 830 2421 alacritas
851 2385 890 2421 in
908 2384 1089 2422 venando
1110 2384 1204 2433 quid
1230 2384 1418 2432 significat
1438 2384 1541 2421 aliud

98 2461 129 2486 35
147 2446 219 2483 nisi
244 2457 286 2484 se
315 2445 367 2484 ad
394 2445 596 2484 hominum
625 2447 926 2485 commoditates
955 2459 1039 2485 esse
1067 2448 1300 2496 generatos?
1355 2447 1461 2496 Quid
1491 2447 1540 2485 de
1551 2457 1602 2483 159
