1681 2752
441 179 525 210 LIB.
550 178 577 209 1.
623 178 702 209 cm.
720 178 816 216 XXI,
834 179 947 209 xx11.
995 179 1168 220 §§53-60-
1447 181 1503 220 49

108 280 220 317 soluti
247 286 285 317 et
313 280 349 317 in
379 280 591 317 libertatern
612 278 794 316 vindicati
824 292 897 316 nec
926 281 1132 316 metuimus
1167 292 1245 325 eos,
1267 291 1364 328 quos
1395 280 1501 316 intel-

108 344 267 393 legimus
288 356 360 380 nec
381 343 451 380 sibi
472 343 616 391 fingere
637 343 750 379 ullam
772 343 988 380 molestiam
1019 356 1092 380 nec
1123 345 1227 380 alteri
1248 356 1443 392 quaerere,
1466 351 1503 381 et

107 409 169 455 pie
191 414 398 456 sancteque
419 407 580 443 colimus
602 413 774 443 naturam
805 408 1058 444 excellentem
1089 415 1202 456 atque
1233 415 1502 456 praestantem.

107 471 183 509 Sed
204 471 322 508 elatus
343 471 471 508 studio
491 483 624 507 vereor
644 483 691 507 ne
714 471 862 519 longior
881 472 1028 508 fuerim.
1088 473 1178 508 Erat
1198 480 1327 508 autem
1348 472 1502 509 difficile

64 548 79 571 5
106 547 186 572 rem
215 541 359 572 tantam
390 542 545 583 tamque
576 535 812 583 praeclaram
847 535 1067 572 inchoatam
1098 536 1311 584 relinquere
1328 550 1337 582 3
1368 549 1501 584 quam-

105 611 221 647 quam
241 611 319 636 non
340 605 418 636 tam
439 599 597 636 dicendi
617 600 712 636 ratio
733 599 826 636 mihi
853 599 1034 636 habenda
1052 600 1122 642 vfuit
1142 612 1259 648 quam
1279 600 1474 637 audiendi.

156 664 257 700 Tum
287 664 403 701 Cotta
431 664 603 709 comiter,
625 670 667 700 ut
695 664 867 701 solebat:
899 664 1028 712 Atqui,
1050 664 1184 712 inquit,
1204 665 1338 709 Vellei,
1361 665 1429 701 nisi
1460 673 1497 702 tu
1512 651 1557 721 25¹

103 727 248 775 aliquid
280 727 452 773 dixisses,
484 728 577 765 nihil
615 740 707 765 sane
746 740 795 765 ex
832 740 894 765 me
931 728 1090 776 quidem
1130 729 1261 766 audire
1299 730 1500 777 potuisses.

105 792 203 828 Mihi
223 792 326 828 enim
348 804 426 829 non
446 799 524 828 tam
546 793 656 828 facile
684 793 722 829 in
752 799 924 829 mentem
945 794 1073 830 venire
1104 794 1212 839 solet,
1234 805 1350 841 quare
1371 806 1501 830 verum

55 870 86 887 ιο
103 856 151 892 sit
170 855 326 904 aliquid,
347 868 463 904 quam
483 868 600 904 quare
622 857 756 893 falsum
773 870 782 903 3
814 856 931 905 idque
961 869 1050 893 cum
1080 869 1208 905 saepe,
1230 864 1323 902 tum,
1345 870 1434 894 cum
1464 864 1500 894 te

103 919 289 965 audirem,
310 920 426 968 paulo
447 926 535 956 ante
557 921 729 968 contigit.
789 922 921 969 Roges
941 934 1016 967 me,
1038 922 1191 969 qualem
1212 928 1386 958 naturam
1407 921 1499 958 deo-

102 997 185 1021 rum
216 996 298 1021 esse
320 983 474 1029 ducam,
496 984 589 1020 nihil
619 985 776 1022 fortasse
806 985 1091 1033 respondeam3
1123 998 1295 1033 quaeras,
1317 993 1500 1033 putemne

102 1048 218 1084 talem
238 1059 334 1093 esse,
357 1049 477 1096 qualis
498 1048 618 1085 modo
639 1061 661 1085 a
680 1056 717 1086 te
739 1050 785 1086 sit
805 1050 989 1097 exposita,
1011 1050 1104 1086 nihil
1125 1049 1252 1086 dicam
1274 1050 1366 1086 mihi
1381 1050 1501 1086 videri

103 1112 241 1148 minus.
298 1111 375 1149 Sed
406 1119 496 1148 ante
526 1125 642 1160 quam
675 1112 879 1161 adgrediar
909 1113 959 1150 ad
991 1126 1048 1158 ea,
1070 1126 1168 1161 quae
1199 1126 1221 1150 a
1249 1120 1285 1150 te
1308 1113 1501 1161 disputata

54 1192 84 1216 ις
103 1182 202 1222 sunt,
223 1175 274 1213 de
303 1183 341 1213 te
370 1176 455 1225 ipso
475 1176 604 1214 dicam
626 1177 719 1226 quid
749 1178 923 1214 sentiam.
949 1178 953 1183 ‘
981 1179 1104 1226 Saepe
1125 1178 1229 1217 enim
1250 1177 1299 1215 de
1330 1178 1500 1214 familiari
1518 1189 1551 1215 53

102 1241 164 1278 illo
185 1248 251 1278 tuo
270 1240 405 1278 videor
424 1241 588 1287 audisse,
608 1233 699 1278 'cum
728 1248 766 1279 te
795 1243 933 1290 togatis
953 1243 1132 1288 omnibus
1153 1243 1233 1279 sine
1255 1242 1374 1279 dubio
1394 1249 1500 1279 ante—

101 1305 215 1342 ferret
243 1311 282 1342 et
314 1317 459 1354 paucos
493 1313 623 1343 tecum
655 1302 868 1355 Epicureos
898 1319 919 1343 e
949 1307 1114 1344 Graecia
1144 1313 1396 1355 compararet,
1418 1307 1499 1353 sed,

102 1369 210 1418 quod
231 1370 279 1407 ab
299 1382 347 1407 eo
367 1376 405 1407 te
426 1371 584 1408 mirifice
601 1370 706 1419 diligi
733 1371 1014 1419 intellegebam,
1032 1360 1240 1408 arbitrabar
1259 1371 1363 1408 illurn
1384 1384 1498 1420 prop-

101 1440 161 1471 ter
191 1434 489 1472 benivolentiam
523 1435 676 1472 uberius
711 1435 750 1472 id
784 1434 926 1472 dicere.
986 1436 1071 1483 Ego
1105 1442 1246 1481 autem,
1268 1436 1338 1472 etsi
1367 1447 1501 1473 vereor

53 1512 86 1530 20
102 1499 257 1536 laudare
277 1506 532 1548 praesentem,
554 1499 684 1536 iudico
714 1505 844 1536 tamen
864 1499 914 1536 de
935 1511 974 1536 re
995 1500 1160 1537 obscura
1178 1507 1293 1548 atque
1314 1499 1457 1537 difficili
1478 1512 1501 1537 a

102 1570 140 1600 te
170 1563 317 1600 dictum
349 1576 432 1601 esse
463 1563 646 1610 dilucide,
667 1575 795 1611 neque
829 1564 1029 1600 sententiis
1064 1564 1188 1601 solum
1223 1565 1393 1612 copiose,
1428 1564 1499 1601 sed

101 1628 226 1666 verbis
265 1629 380 1665 etiarn
418 1629 598 1673 ornatius,
638 1640 754 1676 quam
793 1629 917 1665 solent
950 1629 1075 1666 vestri.
1115 1617 1342 1674 sZenonem,
1381 1641 1497 1677 quem
1517 1641 1550 1666 59

103 1692 211 1729 Philo
243 1700 374 1730 noster
402 1693 664 1741 coryphaeum
693 1693 885 1741 appellare
918 1684 1198 1741 Epicureorum
1227 1693 1386 1739 solebat,
1408 1706 1498 1731 curn

101 1756 262 1793 Athenis
282 1768 418 1802 essem,
433 1757 639 1795 audiebam
659 1758 888 1805 frequenter,
903 1764 941 1794 et
957 1757 1115 1805 quidem
1137 1758 1220 1805 ipso
1237 1764 1392 1794 auctore
1412 1758 1497 1794 Phi-

52 1836 84 1860 25
102 1820 203 1866 lone,
224 1821 355 1866 credo,
376 1828 417 1857 ut
437 1822 582 1859 facilius
612 1821 836 1868 iudicarem,
857 1834 975 1870 quarn
1005 1822 1066 1858 illa
1094 1822 1193 1859 bene
1225 1823 1497 1868 refellerentur,

101 1897 191 1922 curn
229 1898 251 1922 a
288 1886 462 1934 principe
498 1886 779 1934 Epicureorum
817 1887 1070 1935 accepissem,
1101 1898 1218 1935 quem
1252 1886 1302 1923 ad
1334 1886 1498 1923 modum

101 1948 330 1987 dicerentur.
388 1951 479 1987 Non
509 1951 621 1999 igitur
650 1951 724 1996 ille,
746 1958 787 1988 ut
815 1951 1001 1999 plerique,
1023 1950 1094 1988 sed
1126 1951 1198 1987 isto
1229 1950 1362 1996 modo,
1383 1958 1425 1988 ut
1445 1958 1497 1996 tu,

102 2012 292 2059 distincte,
322 2014 494 2062 graviter,
530 2021 675 2051 ornate.
733 2014 810 2052 Sed
831 2015 939 2063 quod
973 2016 1011 2052 in
1045 2015 1108 2052 illo
1142 2015 1235 2051 mihi
1274 2027 1344 2051 usu
1382 2027 1497 2063 saepe

101 2078 215 2122 venit,
236 2077 340 2114 idern
360 2078 492 2124 modo,
514 2090 604 2115 cum
624 2085 661 2115 te
684 2078 868 2124 audirem,
884 2079 1101 2125 accidebat,
1119 2085 1160 2116 ut
1180 2079 1340 2116 moleste
1361 2080 1498 2116 ferrem

54 2158 86 2182 30
102 2147 248 2178 tantum
269 2142 464 2190 ingenium
487 2143 611 2191 (bona
625 2143 736 2180 venia
756 2155 818 2179 me
839 2143 994 2191 audies)
1015 2144 1052 2181 in
1074 2151 1153 2180 tam
1173 2143 1288 2188 leves,
1305 2155 1353 2180 ne
1370 2143 1498 2180 dicam

103 2204 140 2240 in
160 2212 237 2242 tam
258 2206 407 2254 ineptas
436 2207 643 2243 sententias
674 2206 891 2254 incidisses
926 2208 1012 2244 Nec
1033 2220 1106 2256 ego
1128 2220 1233 2244 nunc
1253 2207 1334 2255 ipse
1355 2207 1497 2255 aliquid
1516 2220 1549 2245 60

102 2268 270 2305 adferam
300 2271 446 2308 melius.
503 2272 556 2309 Ut
585 2271 687 2307 enim
717 2271 838 2308 modo
868 2271 959 2316 dixi,
980 2273 1160 2309 omnibus
1189 2273 1267 2309 fere
1301 2272 1339 2308 in
1372 2272 1496 2317 rebus,

102 2331 171 2368 sed
193 2334 356 2370 maxime
377 2335 415 2370 in
435 2334 616 2383 physicis,
638 2334 732 2382 quid
761 2347 840 2372 non
862 2336 919 2380 sit,
942 2336 1065 2380 citius,
1082 2348 1198 2384 quam
1220 2335 1314 2384 quid
1335 2336 1392 2381 sit,
1415 2335 1496 2372 dix-

103 2396 208 2434 erim.
265 2398 396 2445 Roges
424 2410 499 2443 me,
520 2398 615 2447 quid
644 2406 709 2435 aut
729 2399 841 2446 quale
872 2400 919 2436 sit
942 2399 1049 2445 deus,
1072 2407 1228 2436 auctore
1258 2407 1341 2437 utar
1374 2401 1495 2438 Simo·
1509 2406 1557 2441 2⁸2

54 2475 84 2499 35
102 2459 205 2505 nide,
244 2460 293 2497 de
332 2472 410 2508 quo
447 2474 537 2499 cum
575 2462 825 2510 quaesivisset
863 2463 939 2499 hoc
977 2463 1081 2500 idem
1128 2470 1311 2512 tyrannus
1359 2465 1494 2510 Hiero,
