1714 2807
169 163 223 203 68
606 173 668 204 DE
698 172 892 204 NATURA
921 171 1132 205 DEORUM.

169 275 380 320 trinsecus,
424 286 523 322 quae
557 273 714 322 quidem
753 274 883 311 omnia
921 281 1007 311 sunt
1044 275 1165 323 patria
1196 275 1412 312 Democriti
1444 286 1562 324 quam

111 351 157 376 121
172 338 398 375 Democrito
419 338 605 386 digniora.
663 338 759 385 Quis
780 338 882 374 enim
915 338 1003 375 istas
1031 339 1214 386 imagines
1244 339 1561 387 conprehendere

169 403 298 439 animo
318 403 474 451 potest?
496 403 580 450 quis
601 401 805 439 admirari?
833 402 918 449 quis
937 409 1001 438 aut
1023 403 1124 439 cultu
1147 409 1211 439 aut
1231 403 1412 451 religione
1428 403 1562 451 dignas

170 466 367 504 iudicare?
424 466 614 514 Epicurus
643 477 733 502 vero
765 478 811 502 ex
844 466 980 502 animis
1011 465 1210 502 hominum
1238 467 1398 503 extraxit
1426 466 1561 503 radici-

170 538 229 568 tus
258 531 493 579 religionem,
515 543 606 567 cum
636 530 694 566 dis
725 530 987 567 inmortalibus
1018 537 1055 566 et
1085 542 1201 578 opem
1228 538 1265 567 et
1291 531 1449 579 gratiam
1483 543 1561 568 sus-
1590 546 1605 571 5

169 596 264 632 tulit.
322 595 422 633 Cum
454 595 557 632 enim
588 595 774 643 optimam
815 601 852 630 et
891 594 1254 642 praestantissimam
1293 602 1466 631 naturam
1501 594 1565 632 dei

171 660 274 697 dicat
308 672 403 705 esse,
434 666 549 707 negat
587 659 691 696 idem
724 670 806 695 esse
847 659 885 694 in
919 658 994 695 deo
1029 659 1214 707 gratiam;
1256 659 1350 696 tollit
1380 658 1431 704 id,
1458 658 1565 707 quod

170 724 336 761 maxime
381 724 577 772 proprium
618 730 674 760 est
715 723 883 771 optimae
927 723 1353 771 praestantissimaeque
1395 729 1564 759 naturae.

172 788 277 836 Quid
307 789 409 825 enim
439 788 575 824 melius
605 795 669 824 aut
689 786 782 835 quid
803 787 1056 835 praestantius
1079 787 1251 823 bonitate
1282 794 1319 823 et
1344 787 1564 824 beneficen-

171 853 249 889 tia?
305 852 392 899 Qua
423 864 511 888 cum
543 863 673 888 carere
705 851 823 888 deum
847 851 969 896 vultis,
1002 851 1199 887 neminem
1233 851 1309 887 deo
1341 863 1413 888 nec
1448 851 1565 888 deum
1585 870 1616 886 10

171 928 245 953 nec
278 917 476 953 hominem
509 928 653 961 carum,
684 916 880 952 neminem
910 915 958 952 ab
992 927 1040 952 eo
1069 915 1199 960 amari,
1234 915 1429 952 neminem
1463 915 1568 964 diligi

170 981 292 1017 vultis.
352 981 410 1017 Ita
443 981 495 1025 fit,
530 987 570 1017 ut
608 992 686 1016 non
726 979 846 1016 modo
886 979 1062 1016 homines
1101 991 1123 1015 a
1161 979 1256 1024 deis,
1291 978 1362 1016 sed
1401 979 1471 1027 ipsi
1504 979 1567 1016 dei

114 1047 162 1082 44
175 1045 270 1081 inter
299 1056 338 1081 se
360 1045 408 1081 ab
428 1045 508 1081 aliis
537 1045 597 1081 alii
627 1043 887 1092 neglegantur.
946 1043 1102 1090 Quanto
1135 1043 1252 1080 Stoici
1284 1044 1431 1089 melius,
1452 1044 1518 1092 qui
1547 1056 1569 1080 a

171 1109 279 1146 vobis
313 1109 670 1157 reprehenduntur}
729 1109 902 1146 Censent
935 1115 1066 1144 autem
1105 1108 1298 1156 sapientes
1333 1109 1568 1156 sapientibus
1601 1116 1605 1118 “

173 1173 288 1210 etiam
320 1174 458 1221 ignotis
489 1184 573 1210 esse
604 1173 762 1209 amicos.
821 1172 925 1208 Nihil
957 1179 1013 1208 est
1045 1173 1147 1209 enim
1179 1173 1313 1209 virtute
1344 1173 1541 1210 amabilius
1559 1186 1568 1218 ;
1589 1189 1619 1213 15

173 1249 288 1286 quam
310 1237 373 1285 qui
395 1236 559 1285 adeptus
585 1237 665 1282 erit,
686 1237 920 1284 ubicumque
951 1237 1019 1273 erit
1049 1237 1234 1284 gentium,
1257 1249 1279 1272 a
1306 1237 1416 1273 nobis
1437 1236 1567 1284 dilige-

114 1313 161 1338 12‘2
173 1308 242 1338 tur.
298 1302 377 1338 Vos
407 1308 537 1338 autem
566 1301 659 1349 quid
688 1301 774 1337 mali
805 1300 914 1346 datis,
936 1312 1026 1336 cum
1047 1301 1087 1337 in
1119 1301 1363 1337 inbecillitate
1383 1300 1568 1349 gratifica-

172 1367 318 1402 tionem
357 1372 394 1402 et
426 1365 723 1402 benivolentiam
758 1365 925 1412 ponitis!
982 1365 1036 1402 Ut
1068 1365 1171 1401 enim
1207 1365 1383 1401 omittam-
1415 1365 1492 1401 vim
1531 1371 1568 1401 et

173 1436 346 1466 naturam
381 1429 554 1475 deorum,
590 1441 638 1466 ne
672 1429 848 1466 homines
883 1429 1040 1477 quidem
1081 1429 1258 1474 censetis,
1294 1429 1365 1466 nisi
1404 1429 1569 1466 inbecilli

173 1502 312 1539 essent,
333 1495 477 1531 futuros
507 1494 704 1531 beneficos
725 1499 762 1529 et
783 1493 970 1541 benignos
1003 1493 1146 1530 fuisse?
1203 1493 1318 1530 Nulla
1349 1499 1405 1529 est
1435 1493 1570 1530 caritas
1589 1509 1621 1525 20

173 1558 350 1595 naturalis
380 1559 478 1594 inter
505 1558 658 1594 bonos?
713 1558 882 1595 Carum
918 1558 1043 1605 ipsum
1076 1558 1236 1594 verbum
1263 1564 1320 1594 est
1351 1558 1502 1603 amoris,
1524 1569 1571 1594 ex

174 1634 252 1670 quo
273 1622 462 1658 amicitiae
483 1634 626 1658 nomen
648 1628 705 1658 est
725 1621 887 1658 ductum
904 1636 913 1667 ;
944 1634 1061 1670 quam
1082 1623 1113 1659 si
1134 1622 1183 1658 ad
1205 1623 1369 1658 fructum
1398 1628 1569 1658 nostrum

173 1687 392 1731 referemus,
422 1698 501 1723 non
532 1685 581 1722 ad
613 1686 707 1723 illius
742 1685 965 1732 commoda,
988 1698 1104 1734 quem
1139 1686 1355 1734 diligemus,
1385 1698 1465 1722 non
1502 1685 1572 1723 erit

172 1751 243 1788 ista
262 1751 440 1796 amicitia,
461 1749 531 1787 sed
551 1757 766 1787 mercatura
785 1750 979 1798 quaedam
1005 1751 1207 1787 utilitatum
1238 1762 1403 1787 suarum.
1462 1750 1573 1786 Prata

173 1822 211 1852 et
239 1827 327 1852 arva
347 1821 383 1851 et
404 1813 601 1862 pecudum
631 1826 764 1863 greges
797 1815 1004 1863 diliguntur
1037 1815 1108 1852 isto
1137 1814 1269 1860 modo,
1291 1813 1398 1862 quod
1430 1814 1571 1851 fructus
1590 1827 1621 1851 ²5

173 1891 220 1916 ex
262 1879 304 1916 iis
349 1879 563 1926 capiuntur,
602 1878 804 1916 hominum
845 1880 980 1916 caritas
1019 1885 1056 1915 et
1095 1878 1264 1915 amicitia
1302 1878 1464 1926 gratuita
1502 1884 1570 1915 est.

175 1944 331 1991 Quanto
361 1943 472 1991 igitur
501 1943 621 1990 magis
650 1943 824 1988 deorum,
856 1943 922 1991 qui
951 1943 1053 1980 nulla
1084 1954 1123 1979 re
1154 1949 1313 1991 egentes
1339 1948 1376 1979 et
1402 1942 1499 1978 inter
1530 1954 1570 1979 se

174 2007 334 2056 diligunt
355 2013 392 2044 et
412 2006 632 2044 hominibus
663 2008 867 2045 consulunt
886 2010 892 2044 Ξ
945 2007 1063 2055 Quod
1081 2007 1120 2044 ni
1141 2007 1192 2043 ita
1211 2007 1269 2052 sit,
1291 2006 1384 2054 quid
1413 2018 1569 2043 venera-

173 2084 268 2117 mur,
289 2071 383 2119 quid
416 2083 619 2120 precamur
648 2072 773 2108 deos?
801 2084 869 2109 cur
897 2072 1013 2108 sacris
1046 2071 1262 2119 pontifices,
1293 2083 1361 2107 cur
1391 2070 1570 2118 auspiciis

173 2148 333 2185 augures
371 2137 580 2184 praesunt?
617 2135 710 2184 quid
749 2142 927 2184 optamus
965 2148 988 2172 a
1025 2135 1107 2172 deis
1146 2135 1437 2172 inmortalibus?
1476 2133 1569 2182 quid
1589 2147 1621 2171 ³0

115 2201 384 2242 123vovemus?
438 2202 487 2238 At
508 2201 622 2238 etiam
644 2201 738 2237 liber
764 2207 820 2237 est
847 2200 1003 2248 Epicuri
1032 2199 1081 2236 de
1111 2199 1324 2236 sanctitate.
1384 2198 1571 2236 Ludimur

173 2265 222 2302 ab
242 2265 398 2302 homine
419 2277 497 2302 non
519 2271 595 2301 tam
617 2265 742 2301 faceto
766 2276 881 2311 quam
911 2263 959 2300 ad
990 2262 1181 2299 scribendi
1212 2251 1405 2299 licentiam
1435 2262 1567 2299 libero.

175 2330 285 2377 Quae
317 2330 420 2367 enim
452 2335 580 2378 potest
611 2340 694 2365 esse
726 2328 918 2370 sauctitas,
949 2327 978 2363 si
1009 2327 1071 2363 dei
1102 2327 1270 2363 humana
1299 2339 1379 2363 non
1408 2327 1570 2363 curant?

174 2385 273 2442 quae
311 2401 440 2430 autem
475 2393 648 2429 animans
681 2399 815 2428 natura
847 2391 940 2428 nihil
971 2391 1137 2427 curans?
1192 2391 1329 2427 Verius
1362 2397 1419 2427 est
1457 2390 1568 2438 igitur

174 2458 353 2495 nimirum
392 2456 495 2502 illud,
534 2456 640 2505 quod
679 2456 867 2492 familiaris
906 2455 1079 2492 omnium
1118 2460 1291 2492 nostrum
1337 2453 1566 2492 Posidonius
1585 2466 1616 2490 35
