1714 2807
202 194 280 244 164
632 202 694 233 DE
724 202 915 233 NATURA
943 202 1153 234 DEORUM.

196 306 325 342 sanum
346 304 513 342 referret.
572 304 630 340 Ita
659 302 708 340 ad
740 303 977 352 impietatem
998 303 1036 340 in
1057 303 1152 340 deos
1183 304 1220 340 in
1251 303 1426 341 homines
1455 304 1588 342 adiun-

137 374 186 409 35
198 370 249 406 xit
271 369 457 405 iniuriam.
517 369 635 404 Hunc
656 368 766 415 igitur
796 380 867 404 nec
890 368 1092 416 Olympius
1124 368 1293 416 Iuppiter
1318 368 1475 405 fulmine
1504 380 1588 416 per-

194 434 310 470 cussit
331 446 403 470 nec
426 432 675 479 Aesculapius
705 431 843 468 misero
873 431 1130 480 diuturnoque
1162 432 1297 469 morbo
1325 432 1588 470 tabescentem

194 498 396 542 interemit,
418 504 532 545 atque
563 497 600 532 in
625 508 693 532 suo
724 496 864 532 lectulo
894 503 1064 532 mortuus
1096 497 1133 532 in
1168 495 1420 546 [tyrannidis]
1453 509 1588 545 rogum

194 562 331 599 inlatus
359 568 416 598 est
442 572 606 608 eamque
634 567 878 608 potestatem,
900 572 1016 608 quam
1037 560 1117 608 ipse
1139 572 1207 608 per
1226 561 1350 597 scelus
1371 568 1449 597 erat
1471 573 1586 598 nanc-
1616 577 1630 601 5

193 633 264 671 tus,
299 626 408 674 quasi
442 625 579 662 iustam
615 632 653 661 et
688 624 896 672 legitimam
932 624 1152 660 hereditatis
1187 624 1274 661 loco
1309 625 1386 661 filio
1420 624 1587 662 tradidit.

142 701 175 726 85
196 691 318 727 Invita
347 690 385 727 in
413 689 488 726 hoc
518 690 605 726 loco
635 695 804 725 versatur
831 689 953 725 oratio
969 702 979 734 3
1009 688 1160 725 videtur
1188 689 1292 725 enim
1321 689 1587 726 auctoritatem

193 755 340 791 adferre
374 753 591 803 peccandi;
629 760 734 790 recte
761 752 964 798 videretur,
994 753 1066 789 nisi
1100 759 1137 789 et
1163 753 1306 790 virtutis
1341 759 1379 789 et
1412 753 1588 790 vitiorum

193 819 273 855 sine
295 819 371 855 ulla
391 818 521 855 divina
546 818 692 854 ratione
723 829 834 865 grave
867 817 982 865 ipsius
1010 817 1271 853 eonscientiae
1301 816 1455 865 pondus
1475 824 1587 862 esset,

193 895 268 931 qua
288 883 434 919 sublata
455 882 582 918 iacent
601 881 743 918 omnia.
804 882 855 919 Ut
879 881 983 918 enim
1006 893 1079 918 nec
1102 880 1241 918 domus
1261 893 1335 918 nec
1355 893 1413 918 res
1434 881 1589 930 publica
1609 899 1639 915 ιο

192 947 338 984 ratione
366 945 536 994 quadam
567 952 604 982 et
631 945 834 993 disciplina
864 945 1074 994 dissignata
1101 944 1288 991 videatur,
1310 945 1340 983 si
1369 946 1408 982 in
1438 957 1483 982 ea
1514 958 1587 983 nec

192 1018 296 1048 recte
335 1011 443 1048 factis
482 1010 653 1059 praemia
691 1016 821 1046 extent
860 1009 935 1046 ulla
973 1021 1046 1046 nec
1084 1009 1272 1058 supplicia
1309 1010 1492 1058 peccatis,
1532 1010 1587 1047 sic

191 1075 327 1113 mundi
354 1075 484 1112 divina
508 1073 567 1125 [in
597 1073 792 1125 homines]
828 1074 1043 1111 moderatio
1070 1075 1245 1123 profecto
1272 1075 1375 1112 nulla
1401 1081 1470 1121 est,
1492 1075 1522 1112 si
1549 1075 1607 1117 in?

192 1152 238 1177 ea
258 1140 465 1177 discrimen
486 1140 631 1176 nullum
653 1146 709 1176 est
730 1139 921 1176 bonorum
941 1146 979 1176 et
999 1139 1198 1176 malorum.

140 1218 173 1244 εν)
245 1206 293 1242 At
323 1205 426 1241 enim
456 1204 604 1241 minora
624 1202 662 1240 di
684 1204 890 1252 neglegunt
920 1215 1046 1251 neque
1077 1204 1217 1252 agellos
1247 1203 1482 1252 singulorum
1511 1215 1585 1241 nec
1607 1220 1636 1245 ις

191 1269 362 1306 viticulas
379 1276 661 1317 persequuntur
681 1281 765 1314 nee,
780 1268 810 1304 si
827 1267 948 1304 uredo
969 1274 1033 1304 aut
1053 1268 1199 1316 grando
1220 1269 1417 1317 quippiam
1439 1269 1585 1315 nocuit,

191 1334 230 1371 id
248 1334 330 1371 Iovi
351 1332 737 1370 animadvertendum
758 1333 850 1378 suit;
872 1345 921 1369 ne
942 1333 981 1369 in
1002 1333 1126 1380 regnis
1148 1333 1306 1381 quidem
1327 1345 1434 1382 reges
1455 1334 1586 1370 omnia

190 1399 349 1436 minima
383 1405 543 1444 curant;
583 1397 638 1434 sic
669 1397 771 1434 enim
807 1396 944 1433 dicitis.
1003 1397 1123 1444 Quasi
1158 1409 1231 1445 ego
1266 1398 1379 1446 paulo
1411 1386 1500 1434 ante
1534 1397 1585 1435 de

189 1463 310 1500 fundo
334 1462 539 1500 Formiano
571 1463 612 1499 P.
644 1461 776 1498 Rutilii
805 1461 875 1498 sim
906 1468 1073 1509 questus,
1096 1473 1175 1498 non
1204 1461 1253 1498 de
1283 1462 1422 1499 amissa
1450 1462 1583 1500 salute.

130 1529 317 1576 36Atque
342 1527 418 1564 hoc
447 1526 607 1575 quidem
637 1538 772 1563 omnes
802 1525 980 1562 mortales
1010 1526 1064 1562 sic
1094 1525 1249 1572 habent,
1271 1533 1447 1564 externas
1476 1538 1583 1564 com·
1602 1544 1636 1562 20

188 1591 406 1637 moditates,
437 1591 577 1636 vineta,
608 1597 770 1638 segetes,
802 1590 953 1635 oliveta,
985 1590 1198 1627 ubertatem
1228 1590 1377 1639 frugum
1409 1597 1447 1628 et
1485 1591 1581 1628 fruc-

187 1664 308 1703 tuum,
330 1668 486 1693 omnem
508 1654 678 1703 denique
699 1653 1020 1691 commoditatem
1041 1655 1412 1703 prosperitatemque
1433 1655 1532 1692 vitae
1562 1668 1585 1692 a

187 1721 246 1758 dis
275 1733 315 1758 se
346 1720 487 1757 habere
504 1733 513 1765 ;
543 1719 722 1756 virtutem
751 1725 881 1755 autem
910 1730 1027 1755 nemo
1057 1731 1243 1767 umquam
1274 1726 1476 1768 acceptam
1505 1719 1582 1757 deo

137 1794 169 1820 87
187 1785 340 1823 rettulit.
398 1784 590 1821 Nimirum
609 1789 714 1820 recte
731 1796 741 1829 3
771 1789 928 1831 propter
946 1783 1124 1820 virtutem
1145 1783 1247 1820 enim
1275 1784 1353 1820 iure
1383 1783 1583 1822 laudamur

187 1857 225 1887 et
241 1850 279 1886 in
292 1850 427 1886 virtute
444 1855 547 1885 recte
568 1848 798 1897 gloriamur3
820 1846 926 1896 quod
947 1859 1027 1884 non
1048 1848 1300 1896 contingeret,
1323 1848 1353 1885 si
1374 1848 1413 1885 id
1433 1848 1581 1886 donum
1600 1865 1632 1889 25

187 1927 209 1951 a
237 1914 326 1960 deo,
347 1925 426 1951 non
456 1925 478 1949 a
507 1912 619 1949 nobis
648 1912 890 1949 haberemus.
949 1913 998 1948 At
1026 1924 1117 1948 vero
1147 1919 1211 1949 aut
1240 1912 1449 1950 honoribus
1478 1914 1582 1950 aucti

188 1986 251 2016 aut
271 1990 310 2015 re
332 1977 514 2023 familiari,
531 1983 596 2013 aut
616 1976 646 2013 si
667 1975 769 2013 aliud
799 1976 998 2024 quippiam
1027 1976 1130 2012 nacti
1160 1989 1289 2013 sumus
1319 1977 1460 2014 fortuiti
1489 1977 1583 2015 boni

187 2049 252 2080 aut
273 2042 490 2091 depulimus
523 2041 625 2086 mali,
648 2047 729 2077 tum
760 2040 818 2077 dis
847 2041 985 2089 gratias
1014 2041 1173 2089 agimus,
1195 2048 1277 2077 tum
1306 2041 1399 2077 nihil
1428 2049 1581 2079 nostrae

187 2107 290 2144 laudi
311 2106 560 2154 adsumptum
581 2105 817 2141 arbitramur.
876 2105 982 2141 Num
1002 2105 1100 2152 quis,
1121 2103 1228 2152 quod
1248 2105 1374 2141 bonus
1394 2106 1449 2142 vir
1468 2112 1580 2152 esset,

187 2171 324 2220 gratias
345 2170 403 2207 dis
424 2170 501 2218 egit
521 2169 735 2217 umquam?
762 2175 800 2205 at
820 2167 926 2217 quod
957 2168 1074 2214 dives,
1096 2168 1202 2216 quod
1231 2168 1452 2215 honoratus,
1474 2169 1581 2218 quod
1599 2188 1633 2212 30

188 2235 401 2272 incolumis.
461 2234 674 2281 Iovemque
691 2240 894 2281 optumum
911 2239 948 2269 et
969 2245 1193 2269 maxumum
1214 2233 1265 2270 ob
1285 2245 1349 2270 eas
1370 2246 1429 2270 res
1449 2234 1580 2282 appel-

187 2300 276 2345 lant,
306 2311 385 2336 non
419 2297 525 2346 quod
558 2309 630 2334 nos
665 2298 796 2342 iustos,
826 2303 1073 2345 temperatos,
1104 2298 1296 2345 sapientes
1329 2298 1481 2343 efficiat,
1511 2297 1581 2335 sed

137 2363 293 2412 ssquod
325 2363 459 2407 salvos,
492 2361 707 2406 incolumis,
738 2361 955 2410 opulentos,
987 2361 1181 2410 copiosos.
1241 2362 1380 2410 Neque
1422 2362 1581 2399 Herculi

188 2429 391 2476 quisquam
420 2426 627 2463 decumam
657 2425 761 2462 vovit
799 2437 997 2474 umquam,
1037 2425 1068 2462 si
1105 2426 1258 2474 sapiens
1298 2426 1419 2463 sactus
1467 2433 1580 2464 esset.

189 2493 437 2540 Quamquam
460 2490 692 2540 Pythagoras
713 2502 803 2528 cum
831 2489 870 2528 in
899 2489 1328 2538 geometria‘quiddam
1356 2490 1446 2527 novi
1475 2490 1578 2528 inve·
1600 2506 1630 2531 3⁵
