1681 2752
73 836 104 852 10

71 1158 100 1181 ¹5

65 1549 97 1566 20

61 1868 92 1892 25

60 2189 91 2213 30

420 146 502 176 ΜΒ.
529 146 554 176 1.
599 146 1016 183 cm».xxxlv‚xxxv.
1065 148 1103 185 §g
1121 155 1237 185 94-99.
1465 138 1512 175 61

129 247 230 283 milia
268 258 350 283 esse
393 246 638 291 mundorum,
677 246 747 282 sed
789 247 1079 283 innumerabilia
1119 258 1232 283 ausus
1277 258 1318 283 es
1363 246 1520 284 dicere?

129 311 242 347 Ratio
271 310 415 347 docuit.
473 310 575 357 Ergo
607 310 681 346 hoc
712 316 749 346 te
777 310 871 346 ratio
900 322 978 346 non
1006 310 1175 355 docebit,
1206 322 1294 346 cum
1325 319 1516 358 praestan-

126 375 270 410 tissima
307 381 440 410 natura
476 379 689 420 quaeratur,
729 385 850 420 eaque
889 374 1001 409 beata
1034 380 1072 410 et
1104 380 1271 418 aeterna,
1306 386 1404 421 quae
1439 376 1518 412 sola

126 438 255 474 divina
282 445 416 474 natura
444 444 512 483 est,
543 443 584 474 ut
614 437 882 474 inmortalitate
913 438 1110 473 vincamur
1138 438 1188 474 ab
1217 450 1262 474 ea
1290 446 1435 484 natura,
1463 441 1517 476 sic

124 503 240 538 animi
274 502 505 550 praestantia
537 502 650 547 vinci,
685 508 799 549 atque
829 507 869 537 ut
899 502 1029 545 animi,
1061 502 1152 538 item
1186 503 1384 550 corporis?
1439 504 1517 541 Cur

125 565 246 613 igitur,
269 578 357 602 cum
379 566 514 602 ceteris
543 565 656 602 rebus
687 565 880 601 inferiores
910 565 1039 609 simus,
1070 565 1192 601 forma
1219 578 1330 614 pares
1360 569 1517 605 sumus?

123 629 173 666 ad
193 629 479 666 similitudinem
501 629 604 665 enim
625 628 787 666 deorum
818 629 975 677 propius
1005 629 1220 666 accedebat
1251 630 1417 667 humana
1445 633 1514 668 vir-

123 700 181 730 tus
215 706 331 742 quam
364 694 494 741 figura.
550 694 611 729 An
645 693 852 741 quicquam
886 699 964 729 tarn
998 693 1141 741 puerile
1175 693 1253 730 dici
1286 702 1412 743 potest
1452 684 1572 753 (ut39·73

123 758 289 794 eundem
314 757 442 794 locum
469 757 609 794 diutius
639 759 834 805 urgeam),
855 769 973 805 quam
1001 758 1033 795 si
1061 769 1109 795 ea
1135 770 1275 807 genera
1304 760 1513 805 beluarum,

122 833 220 869 quae
255 821 293 858 in
325 822 438 858 rubro
473 821 566 857 mari
606 821 765 858 Indiave
804 822 1018 869 gignantur,
1052 823 1154 859 nulla
1191 835 1274 860 esse
1312 823 1515 861 dicamus?

121 885 236 933 Atqui
263 898 312 922 ne
338 885 582 922 curiosissimi
612 885 771 933 quidem
801 885 977 922 homines
1006 886 1245 934 exquirendo
1274 888 1405 925 audire
1435 895 1513 925 tam

121 950 239 986 multa
266 956 440 998 possunt,
471 962 587 997 quam
617 956 705 986 sunt
733 950 864 995 multa,
894 962 993 998 quae
1023 957 1131 995 terra,
1162 952 1267 996 mari,
1296 952 1511 1000 paludibus,

120 1013 338 1050 fluminibus
359 1014 543 1050 exsistunt
558 1027 568 1060 3
599 1025 698 1061 quae
726 1026 912 1061 negemus
942 1026 1037 1060 esse,
1059 1016 1149 1063 quia
1177 1027 1388 1063 numquam
1417 1017 1511 1054 vidi-

119 1078 232 1114 mus?
288 1078 377 1126 Ipsa
396 1089 487 1114 vero
507 1090 624 1126 quam
654 1078 747 1114 nihil
775 1078 826 1114 ad
854 1090 935 1114 rem
960 1079 1137 1126 pertinet,
1159 1091 1257 1126 quae
1286 1093 1354 1117 vos
1384 1080 1511 1118 delec-

119 1148 172 1178 tat
208 1142 388 1187 maxime,
427 1141 662 1179 similitudo!
722 1141 855 1189 Quid?
902 1143 1006 1179 canis
1044 1154 1175 1179 nonne
1220 1144 1351 1181 similis
1393 1145 1513 1193 lupo?

117 1213 245 1254 atque,
266 1213 307 1243 ut
329 1206 488 1252 Ennius,

180 1303 325 1341 Simia
352 1316 489 1352 quarn
519 1303 711 1350 similis,
742 1304 1038 1353 turpissuma
1070 1305 1248 1352 bestia,
1280 1307 1444 1344 nobis!

116 1408 154 1438 at
197 1413 322 1438 mores
367 1402 406 1438 in
447 1408 610 1449 utroque
652 1401 835 1450 dispares.
905 1402 1125 1451 Elephanto
1169 1404 1367 1441 beluarum
1409 1406 1512 1442 nulla

114 1465 339 1514 prudentior
353 1480 364 1512 ς
393 1472 431 1502 at
459 1466 579 1514 figura
609 1477 708 1513 quae
737 1467 905 1503 vastior?
960 1467 1021 1503 De
1048 1468 1178 1504 bestiis
1198 1469 1335 1516 loquor
1349 1482 1358 1514 3
1389 1470 1510 1517 quid?
1528 1480 1560 1505 98

115 1529 212 1566 inter
231 1530 333 1578 ipsos
353 1529 530 1566 homines
549 1541 680 1566 nonne
702 1536 740 1566 et
759 1530 958 1566 simillimis
983 1531 1113 1568 formis
1134 1531 1304 1580 dispares
1325 1545 1451 1570 mores
1472 1540 1510 1570 et

115 1594 284 1631 moribus
310 1595 518 1631 simillime}-
543 1594 664 1642 figura
689 1593 910 1631 dissimilis?
967 1595 1122 1632 Etenim
1153 1596 1183 1632 si
1212 1597 1342 1641 semel,
1372 1598 1506 1644 Vellei,

114 1659 341 1707 suscipimus
379 1670 500 1707 genus
540 1658 615 1695 hoc
657 1659 884 1706 argumenti,
924 1659 1094 1705 attende,
1134 1671 1212 1708 quo
1251 1668 1389 1708 serpat.
1446 1663 1506 1699 Tu

113 1724 216 1760 enim
235 1723 414 1760 sumebas
435 1723 506 1759 nisi
526 1723 564 1759 in
585 1722 752 1759 hominis
772 1723 892 1771 figura
911 1724 1098 1760 rationem
1120 1725 1245 1761 inesse
1265 1737 1344 1762 non
1365 1738 1479 1774 posse
1495 1740 1505 1773 ;

112 1795 236 1825 sumet
256 1788 349 1824 alius
369 1788 440 1824 nisi
461 1788 499 1824 in
520 1788 697 1833 terrestri,
718 1787 790 1824 nisi
818 1787 856 1824 in
881 1799 941 1834 eo,
967 1788 1033 1836 qui
1059 1796 1170 1825 natus
1198 1790 1256 1835 sit,
1282 1790 1353 1826 nisi
1380 1790 1418 1827 in
1445 1803 1504 1836 eo,

111 1852 175 1900 qui
195 1852 417 1898 adoleverit,
438 1852 508 1889 nisi
530 1853 567 1888 in
589 1864 648 1898 eo,
671 1852 737 1900 qui
758 1852 947 1898 didicerit,
973 1853 1042 1889 nisi
1068 1853 1106 1890 in
1131 1865 1190 1899 eo,
1215 1854 1281 1902 qui
1306 1866 1353 1891 ex
1375 1855 1504 1892 animo

111 1923 261 1954 constet
284 1923 322 1954 et
345 1929 507 1965 corpore
533 1916 685 1953 caduco
710 1923 748 1953 et
777 1917 942 1962 infirmo,
967 1924 1165 1965 postremo
1189 1918 1260 1954 nisi
1285 1919 1323 1955 in
1347 1918 1503 1956 homine

109 1987 223 2029 atque
249 1981 410 2018 mortali.
469 1980 619 2029 Quodsi
641 1981 678 2017 in
703 1981 881 2018 omnibus
907 1981 964 2018 his
987 1982 1101 2019 rebus
1125 1982 1288 2027 obsistis,
1317 1983 1410 2032 quid
1435 1991 1502 2030 est,

109 2045 215 2093 quod
228 2052 265 2082 te
280 2046 402 2082 forma
414 2058 490 2082 una
504 2045 736 2082 conturbet?
776 2046 849 2082 His
866 2046 969 2083 enim
986 2047 1177 2092 omnibus,
1192 2059 1291 2095 quae
1307 2049 1502 2096 proposui,

108 2109 298 2146 adiunctis
305 2109 360 2160 ,in
384 2109 541 2146 homine
567 2110 755 2146 rationem
781 2122 864 2146 esse
888 2117 926 2147 et
949 2118 1121 2148 mentem
1151 2111 1334 2158 videbas3
1365 2113 1502 2160 quibus

109 2172 288 2210 detractis
309 2173 426 2210 deum
446 2180 576 2210 tamen
596 2185 710 2210 nosse
731 2180 769 2210 te
791 2174 900 2219 dicis,
922 2175 1042 2212 modo
1062 2176 1286 2212 liniamenta
1306 2185 1501 2214 maneant.

110 2237 200 2273 Hoc
227 2244 284 2273 est
307 2249 386 2273 non
410 2237 666 2282 considerare,
692 2237 761 2274 sed
785 2238 893 2285 quasi
917 2239 1050 2283 sortiri,
1072 2240 1165 2287 quid
1190 2241 1359 2288 loquare.
1418 2242 1498 2277 Nisi
1520 2251 1552 2274 99

107 2300 202 2336 forte
223 2313 271 2336 ne
293 2300 368 2337 hoc
389 2300 546 2348 quidem
571 2301 748 2347 attendis,
773 2314 852 2338 non
879 2302 999 2339 modo
1027 2303 1065 2339 in
1092 2304 1260 2349 homine,
1289 2304 1358 2341 sed
1385 2305 1499 2341 etiam

106 2363 145 2400 in
176 2364 322 2410 arbore,
354 2364 538 2413 quicquid
570 2377 898 2413 supervacaneum
928 2367 975 2402 sit
1004 2373 1068 2404 aut
1097 2380 1207 2403 usum
1238 2380 1317 2404 non
1347 2368 1498 2413 habeat,

105 2427 269 2465 obstare.
327 2427 456 2476 Quam
482 2428 688 2466 molestum
714 2435 771 2466 est
796 2441 875 2466 uno
905 2429 1024 2478 digito
1054 2430 1138 2480 plus
1168 2430 1335 2469 habere!
1393 2431 1500 2480 Quid
