1681 2752
418 152 500 183 LIB.
526 152 589 183 111.
634 152 714 183 CAP.
736 153 861 190 XXVI,
880 153 1023 183 XXVII.
1072 154 1110 193 §5
1129 153 1245 194 65-08.
1453 152 1529 194 157

136 259 282 300 quanto
311 265 469 290 munere
499 253 662 291 deorum
691 254 809 291 simus
838 253 1009 291 adfecti?
1063 256 1190 303 Atque
1221 253 1361 291 eadem
1386 254 1533 292 Medea

136 324 282 365 patrem
304 317 540 366 patriamque
562 317 734 366 fugiens:

987 369 1245 420 postquzim
1276 379 1412 419 pater

241 421 616 483 Adpropinquat
650 435 840 484 izimque
878 447 1033 484 paene
1068 442 1115 472 ut
1155 434 1530 484 conprehenda-

94 513 108 537 s
1041 502 1116 536 tur
1145 507 1301 547 parat,

242 563 441 599 Puerum
480 563 667 600 interea
704 564 965 601 obtruncat
1003 564 1311 612 membraque
1350 564 1530 600 Articu-

1042 628 1174 665 latim
1205 627 1382 665 dividit

242 691 426 739 Perque
466 703 604 740 agros
641 694 820 740 passim
860 692 1104 741 dispergit
1141 694 1344 741 c<5rpus5
1393 691 1440 729 id
1478 703 1532 729 ea

1040 757 1214 804 gratia,

86 830 118 848 ¹0
241 806 322 877 Ijt,
352 819 461 857 dum
491 821 591 857 nati
622 819 891 869 dissipatos
923 823 1052 858 Artus
1085 822 1306 869 captaret
1336 832 1530 869 parens,

244 883 356 932 Ipsa
388 884 578 921 interea
611 885 865 933 effugeret,
896 885 1029 922 illum
1063 892 1112 923 ut
1147 886 1336 922 maeror
1369 884 1531 922 tarda-

1043 951 1114 986 ret
1143 949 1299 997 sequi,

243 1011 343 1049 Sibi
373 1012 576 1049 salutem
608 1019 656 1050 ut
686 1013 919 1050 szimiliari
950 1015 1144 1062 pareret
1173 1012 1454 1061 parricidio.

137 1097 243 1134 Huic
262 1104 303 1134 ut
323 1097 459 1144 scelus,
480 1099 535 1135 sic
555 1111 603 1136 ne
623 1099 718 1136 ratio
743 1099 902 1148 quidem
923 1099 1057 1137 defuit.
1115 1099 1250 1147 Quid?
1278 1099 1338 1136 ille
1363 1100 1531 1137 funestas
1549 1105 1582 1131 68

87 1175 117 1199 1⁵
136 1161 269 1210 epulas
299 1161 400 1198 fratri
431 1174 647 1211 conparans
678 1175 810 1201 nonne
841 1171 966 1201 versat
996 1164 1073 1201 huc
1104 1170 1142 1201 et
1173 1164 1262 1201 illuc
1295 1164 1531 1212 cogitatione

135 1226 351 1264 rationem?

244 1304 398 1341 Maior
426 1303 540 1340 mihi
571 1303 741 1349 moles,
773 1303 922 1340 maius
953 1302 1307 1340 miscendumst
1338 1303 1530 1348 malum,

243 1368 335 1416 Qui
372 1368 504 1406 illius
541 1369 770 1406 acerbum
805 1370 887 1405 cor
919 1366 1220 1405 contundam
1254 1374 1299 1404 et
1333 1368 1529 1416 coppri-

1150 1444 1281 1468 mam.

86 1498 119 1516 20
137 1486 225 1524 Nec
244 1492 374 1523 tamen
394 1486 454 1523 ille
474 1486 557 1535 ipse
578 1492 635 1523 est
654 1484 970 1534 praetereundus,
1542 1487 1588 1523 27

244 1562 345 1610 Qui
381 1565 482 1600 non
520 1568 600 1599 sat
637 1561 805 1599 habuit
845 1560 1103 1609 coniugem
1141 1559 1302 1597 inlexe
1341 1562 1387 1597 in
1424 1566 1530 1597 stu·

1150 1635 1303 1673 prum,

137 1678 187 1716 de
207 1690 285 1728 quo
305 1686 409 1716 recte
430 1686 469 1716 et
487 1679 695 1716 verissume
715 1678 882 1727 loquitur
901 1679 1038 1715 Atreus
1055 1691 1062 1715 ε

245 1784 253 1793 .
276 1785 285 1794 .
309 1785 317 1793 .
338 1755 466 1804 quod
495 1767 541 1792 re
571 1755 617 1792 in
645 1757 825 1792 summa
853 1766 1084 1791 summum
1114 1764 1219 1790 esse
1250 1752 1460 1790 ⁴{trbitror

86 1833 118 1857 25
244 1820 503 1865 Periclum,
533 1826 708 1856 matres
737 1818 1050 1867 coinquinari
1078 1817 1258 1866 re‘gias,

243 1884 580 1921 Contaminari
610 1885 811 1932 stirpem
843 1894 896 1919 ac
925 1882 1121 1919 misceri
1149 1893 1314 1930 genus.

136 1971 186 2007 At
206 1969 246 2007 id
265 1971 392 2019 ipsum
412 1982 529 2019 quam
548 1969 699 2015 callide,
721 1969 787 2018 qui
806 1981 968 2017 regnum
989 1967 1178 2005 adulterio
1198 1975 1400 2016 quaereret
1417 1982 1424 2005 :

242 2056 398 2103 Adde,
437 2055 572 2105 inquit,
610 2055 720 2102 huc,
760 2054 890 2104 quod
928 2054 1042 2091 mihi
1072 2055 1305 2102 portento
1344 2054 1529 2092 caeles-

1147 2120 1243 2155 tum
1274 2124 1412 2166 pater

86 2201 119 2225 30
245 2183 522 2233 Prodigium
550 2184 699 2229 misit,
730 2183 865 2231 regni
895 2183 1177 2220 stabilimen
1206 2183 1316 2228 mei,

242 2250 425 2297 Agnum
455 2250 581 2285 inter
608 2247 825 2296 pecudes
854 2249 998 2283 aurea
1026 2246 1206 2283 clarum
1235 2258 1371 2283 coma

244 2312 498 2362 Quondam
529 2312 793 2362 Thyestem
828 2311 1024 2360 clepere
1058 2323 1223 2348 ausum
1257 2322 1365 2347 esse
1404 2311 1425 2347 e
1459 2322 1529 2347 re-

1147 2374 1242 2422 gia,

244 2440 350 2489 Qua
377 2440 423 2480 in
451 2451 498 2479 re
527 2440 818 2479 adiutricem
847 2439 1106 2487 coniugem
1136 2440 1269 2487 cepit
1298 2437 1405 2476 sibi.
