1714 2807
162 171 240 211 166
591 177 654 208 DE
684 177 873 208 NATURA
904 176 1112 207 DEORUM.

312 281 486 318 Poenis
516 278 709 316 luendis
739 277 932 315 dabitur
961 277 1109 314 satias
1139 277 1390 325 supplici?

103 401 134 426 91
154 393 294 430 Utrum
332 390 471 438 po'etae
512 388 662 425 Stoicos
693 387 949 435 depravarint,
979 398 1027 422 an
1066 386 1183 423 Stoici
1221 385 1345 434 po'etis
1374 385 1552 423 dederint

155 455 434 498 auctoritatem,
457 465 534 489 nou
558 452 666 488 facile
689 451 876 496 dixerim3
907 456 1086 498 portenta
1115 449 1217 486 enim
1244 449 1292 485 ab
1316 449 1483 497 utrisque
1513 455 1552 486 et

154 520 294 568 flagitia
313 519 504 555 dicuntur.
564 517 702 564 Neque
728 515 844 559 enim,
867 526 983 562 quem
1006 514 1266 562 Hipponactis
1296 513 1444 550 iambus
1475 514 1548 550 lae-

153 592 264 629 serat,
287 590 350 620 aut
370 583 435 630 qui
462 587 541 618 erat
567 579 786 617 Archilochi
811 590 921 615 versu
945 579 1174 622 volneratus,
1200 589 1221 613 a
1245 577 1322 614 deo
1352 577 1549 614 inmissum
1578 591 1591 615 5

154 649 342 692 dolorem,
360 658 438 683 uon
455 651 690 693 conceptum
711 656 733 680 a
753 655 792 679 se
815 643 898 690 ipso
918 642 1154 686 continebat,
1171 653 1257 686 nec,
1274 653 1363 678 curn
1380 641 1551 690 Aegisthi

154 712 352 750 libidinem
383 717 447 747 aut
476 722 565 746 cum
598 707 742 745 Paridis
765 707 951 750 videmus,
978 718 999 742 a
1022 705 1098 742 deo
1128 717 1283 742 causam
1313 705 1550 753 requirimus,

155 789 244 813 cum
272 776 408 823 culpae
433 785 556 822 paene
577 784 715 809 vocem
742 771 955 814 audiamus,
977 782 1049 806 nec
1079 781 1152 817 ego
1183 769 1389 805 multorum
1419 780 1550 817 aegro-

154 854 237 878 rum
272 840 434 877 salutem
468 849 546 874 non
581 837 630 873 ab
661 836 903 883 Hippocrate
938 834 1064 882 potius
1093 845 1210 881 quam
1242 833 1291 869 ab
1320 833 1551 881 Aesculapio

155 905 286 942 datam
316 903 460 946 iudico,
491 913 564 938 nec
597 899 997 937 Lacedaemoniorum
1027 897 1270 945 disciplinam
1301 896 1428 933 dicam
1467 909 1550 934 um·
1572 913 1602 930 ιο

155 981 271 1017 quam
292 968 340 1005 ab
362 967 539 1015 Apolline
560 965 688 1013 potius
709 965 866 1012 Spartae
889 974 1004 1011 quam
1025 974 1047 998 a
1068 962 1243 1010 Lycurgo
1265 960 1410 997 datam.
1470 961 1550 999 Cri-

155 1034 290 1078 tolaus,
308 1033 476 1080 inquam,
494 1029 628 1066 evertit
645 1027 886 1072 Corinthum,
908 1026 1184 1074 Karthaginem
1208 1025 1439 1062 Hasdrubal.
1498 1026 1553 1062 Hi

156 1098 236 1135 duo
266 1097 348 1133 illos
378 1095 510 1132 oculos
539 1105 628 1131 orae
661 1093 886 1129 maritumae
916 1090 1143 1135 effoderunt,
1173 1102 1252 1126 non
1281 1090 1395 1126 iratus
1424 1090 1551 1138 aliqui,
1597 1100 1601 1102 “

106 1176 137 1201 9-3
157 1174 272 1211 quem
307 1161 466 1198 omniuo
497 1158 607 1195 irasci
637 1169 750 1206 posse
781 1156 940 1204 negatis,
965 1155 1073 1192 deus.
1131 1156 1180 1191 At
1213 1154 1413 1191 subvenire
1450 1161 1552 1191 certe

97 1226 283 1275 39potuit
322 1232 359 1262 et
397 1234 622 1261 conservare
658 1221 759 1258 urbis
794 1227 916 1257 tantas
951 1226 1066 1267 atque
1101 1219 1208 1265 talis;
1241 1231 1309 1255 vos
1345 1219 1448 1255 enim
1482 1219 1551 1268 ipsi
1573 1238 1602 1260 ις

156 1291 286 1328 dicere
317 1289 446 1327 soletis
475 1288 568 1325 nihil
598 1298 695 1331 esse,
716 1285 822 1334 quod
843 1284 939 1321 deus
967 1284 1120 1321 efficere
1149 1295 1227 1320 non
1257 1284 1388 1332 possit,
1411 1290 1449 1320 et
1469 1285 1550 1332 qui-

157 1355 250 1392 dem
271 1355 351 1391 sine
373 1354 502 1390 labore
524 1352 600 1389 ullo
618 1365 626 1397 ;
658 1357 698 1387 ut
722 1350 826 1387 enim
851 1349 1051 1385 hominum
1075 1336 1256 1385 membra'
1268 1348 1369 1384 nulla
1391 1357 1585 1386 conten-²

156 1421 263 1457 tione
293 1425 422 1456 mente
453 1418 536 1465 ipsa
561 1428 606 1452 ac
633 1415 828 1451 voluntate
858 1419 1095 1457 moveantur,
1120 1413 1175 1449 sic
1204 1413 1362 1449 numine
1391 1412 1554 1450 deorum

156 1484 289 1522 omnia
317 1483 420 1531 fingi,
442 1481 585 1518 moveri
616 1479 830 1527 mutarique
860 1490 988 1526 posse.
1047 1478 1186 1525 Neque
1208 1477 1246 1514 id
1267 1476 1392 1514 dicitis
1423 1490 1553 1526 super-

157 1549 302 1586 stitiose
327 1554 442 1595 atque
466 1546 624 1589 aniliter,
646 1543 715 1581 sed
745 1543 904 1591 physica
933 1542 1201 1590 constantique
1231 1542 1403 1588 ratione3
1435 1550 1553 1581 mate·
1573 1563 1605 1579 20

157 1614 250 1650 riam
285 1612 387 1649 enim
422 1622 559 1654 rerum,
590 1621 637 1645 ex
671 1620 747 1656 qua
780 1614 818 1644 et
852 1608 889 1643 in
923 1619 1000 1655 qua
1032 1606 1162 1643 omnia
1195 1606 1281 1651 siut,
1317 1613 1436 1644 totam
1471 1620 1554 1646 esse

158 1677 364 1713 flexibilem
391 1682 430 1712 et
456 1672 783 1717 commutabilem,
805 1678 845 1708 ut
866 1671 958 1707 nihil
980 1671 1037 1716 sit,
1059 1670 1166 1718 quod
1187 1683 1265 1708 nou
1286 1683 1332 1708 ex
1354 1684 1400 1708 ea
1421 1685 1554 1721 quam-

156 1743 212 1778 vis
242 1741 368 1778 subito
398 1739 489 1787 fingi
520 1737 767 1784 convertique
793 1736 938 1784 possit3
969 1736 1050 1772 eius
1071 1742 1200 1772 autem
1221 1736 1418 1774 universae
1441 1738 1554 1775 fictri-

157 1819 246 1842 cem
276 1811 313 1842 et
343 1803 638 1841 moderatricem
660 1801 828 1837 divinam
856 1812 939 1836 esse
968 1799 1275 1848 providentiam,
1307 1801 1405 1838 hanc
1434 1803 1555 1851 igitur,

157 1880 406 1919 quocumque
437 1879 476 1904 se
508 1873 673 1910 moveat,
704 1865 856 1901 efficere
891 1876 1018 1912 posse,
1046 1864 1232 1912 quicquid
1261 1865 1360 1902 velit.
1420 1867 1554 1916 Itaque
1574 1886 1605 1910 25

157 1942 223 1972 aut
252 1934 387 1978 nescit,
412 1931 506 1980 quid
535 1930 667 1979 possit,
693 1936 757 1966 aut
785 1929 952 1977 neglegit
981 1941 1039 1965 res
1070 1929 1254 1966 humanas
1285 1937 1360 1976 aut,
1386 1931 1480 1979 quid
1509 1933 1556 1970 sit
1584 1931 1625 1953 s

108 2015 140 2041 93
159 1999 361 2048 optimum,
392 2008 471 2033 non
500 2001 628 2043 potest
658 1993 838 2030 iudicare.
899 1993 990 2030 Non
1023 1999 1131 2029 curat
1164 1994 1332 2042 singulos
1367 1995 1554 2034 homines.

159 2064 251 2101 Non
291 2062 455 2106 mirum;
494 2071 543 2096 ne
579 2059 750 2095 civitates
791 2057 963 2106 quidem.
1034 2058 1124 2094 Non
1159 2059 1250 2095 eas?
1294 2071 1342 2095 ne
1381 2061 1556 2098 nationes

158 2127 318 2176 quidem
342 2133 380 2162 et
403 2131 550 2173 gentes.
610 2122 762 2170 Quodsi
794 2122 860 2158 has
891 2122 1006 2159 etiam
1037 2129 1273 2168 contemnet,
1296 2124 1388 2171 quid
1418 2125 1555 2162 mirum

158 2198 216 2229 est
245 2203 360 2228 omne
391 2190 440 2227 ab
464 2201 509 2225 ea
538 2200 659 2237 genus
690 2187 902 2223 humanum
923 2198 1007 2223 esse
1029 2189 1326 2235 contemptum?
1381 2189 1457 2226 Sed
1478 2202 1555 2238 quo
1576 2207 1607 2231 30

158 2255 279 2294 modo
304 2254 421 2292 iidem
442 2253 566 2290 dicitis
597 2264 676 2289 nou
706 2251 836 2288 omnia
856 2250 951 2287 deos
975 2251 1166 2299 persequi,
1189 2251 1305 2288 iidem
1326 2252 1435 2290 voltis
1455 2265 1478 2290 a
1498 2253 1556 2291 dis

159 2319 421 2357 inmortalibus
461 2317 679 2354 hominibus
710 2315 899 2363 dispertiri
938 2327 983 2350 ac
1013 2314 1131 2351 dividi
1171 2316 1347 2353 somnia?
1402 2317 1556 2355 Idcirco

159 2385 256 2422 haec
285 2391 427 2428 tecum,
459 2382 548 2430 quia
577 2387 700 2417 vestra
733 2387 789 2416 est
819 2379 867 2416 de
897 2379 1132 2416 somniorum
1163 2380 1320 2417 veritate
1354 2383 1555 2419 sententia.

159 2451 286 2498 Atque
308 2447 426 2485 iidem
447 2447 562 2483 etiam
583 2451 672 2482 vota
692 2443 833 2492 suscipi
851 2443 976 2480 dicitis
997 2450 1187 2492 oportere.
1246 2445 1399 2494 Nempe
1420 2445 1556 2495 singuli
