1714 2807
195 175 270 214 132
622 180 685 210 DE
714 179 905 212 NATURA
937 178 1146 212 DEORUM.

190 279 304 324 Ulixi,
329 279 524 326 Diomedi,
546 282 841 329 Agamemnoni,
863 281 1013 326 Achilli,
1035 289 1161 318 certos
1191 281 1287 318 deos
1317 280 1582 318 discriminum

191 351 228 380 et
248 344 504 392 periculorum
526 346 689 382 comites
709 345 946 393 adiungeret.
1006 346 1205 381 Praeterea
1231 346 1399 392 ipsorum
1420 344 1581 381 deorum

190 419 306 456 saepe
326 409 578 456 praesentiae,
599 409 732 456 quales
759 421 873 457 supra
903 409 1217 453 commemoravi,
1239 408 1435 445 declarant
1463 408 1511 446 ab
1540 409 1583 445 iis

191 479 228 509 et
249 473 464 509 civitatibus
485 480 522 509 et
542 473 698 520 singulis
719 473 938 509 hominibus
959 473 1106 509 consuli
1125 486 1133 517 ;
1164 471 1271 519 quod
1297 471 1455 520 quidem
1476 472 1583 509 intel·

191 536 325 585 legitur
345 537 459 573 etiam
489 537 831 584 significationibus
861 549 986 572 rerum
1018 537 1237 579 futurarum,
1259 548 1358 584 quae
1387 543 1469 572 tum
1497 535 1583 573 dor—
1613 550 1626 574 5

193 601 411 645 mientibus,
451 607 532 637 tum
570 601 810 649 vigilantibus
854 600 1147 648 portenduntur.
1226 601 1350 637 Multa
1388 608 1586 649 praeterea

193 665 363 709 ostentis,
398 665 516 701 multa
550 665 644 701 extis
679 664 936 701 admonemur
969 665 1173 712 multisque
1212 665 1324 702 rebus
1363 665 1456 709 aliis,
1491 676 1585 712 quas

139 734 182 760 ¹⁰7
194 728 394 765 diuturnus
414 740 504 765 usus
525 729 576 765 ita
596 729 753 773 notavit,
771 735 812 765 ut
832 735 952 765 artem
970 727 1214 765 divinationis
1235 728 1416 765 efficeret.
1456 728 1586 765 Nemo

194 792 305 840 igitur
324 792 378 828 vir
398 804 560 840 magnus
580 792 661 829 sine
682 792 810 840 aliquo
831 791 972 829 adflatu
999 791 1130 829 divino
1155 804 1338 839 umquam
1362 792 1442 828 fuit.
1500 792 1586 828 Nec

193 867 284 893 vero
304 856 349 892 id
364 856 415 892 ita
434 855 686 892 refellendum
707 862 776 901 est,
799 863 851 901 ut,
869 856 898 892 si
920 856 1113 904 segetibus
1135 862 1200 892 aut
1218 856 1354 892 vinetis
1374 856 1586 904 cuiuspiam
1607 871 1638 888 ιο

194 926 404 968 tempestas
423 920 610 965 nocuerit,
631 927 696 956 aut
726 920 755 956 si
776 919 870 968 quid
900 931 921 956 e
945 920 1044 956 vitae
1073 919 1292 956 commodis
1321 931 1432 956 casus
1460 920 1587 956 abstu-

195 984 288 1029 lerit,
323 995 425 1029 eum,
465 984 527 1021 cui
565 983 659 1037 qui-d
698 983 835 1021 horum
875 983 1072 1029 acciderit,
1107 990 1172 1020 aut
1210 984 1372 1020 invisum
1411 983 1487 1020 deo
1524 990 1589 1020 aut

195 1048 417 1097 neglectum
446 1060 469 1085 a
497 1047 574 1085 deo
603 1047 833 1085 iudicemus.
893 1049 1040 1097 Magna
1069 1047 1109 1085 di
1137 1054 1282 1093 curant,
1312 1060 1429 1096 parva
1460 1047 1588 1096 negle-

196 1119 302 1161 gunt.
360 1113 513 1161 Magnis
541 1119 670 1149 autem
691 1113 778 1149 viris
808 1124 1014 1161 prosperae
1045 1124 1198 1160 semper
1225 1124 1361 1149 omnes
1380 1124 1453 1157 res,
1474 1112 1606 1160 siqui?

197 1176 288 1214 dem
309 1177 398 1213 satis
421 1189 444 1213 a
471 1177 608 1214 nostris
638 1183 676 1213 et
706 1188 728 1213 a
755 1177 930 1225 principe
960 1176 1227 1225 philosophiae
1257 1177 1412 1213 Socrate
1442 1175 1589 1213 dictum
1610 1193 1640 1217 ις

198 1248 255 1278 est
275 1240 324 1277 de
345 1241 580 1278 ubertatibus
601 1241 746 1277 virtutis
766 1247 804 1277 et
825 1241 960 1289 copiis.

140 1292 189 1362 {33}
257 1306 369 1341 Haec
390 1305 482 1341 mihi
503 1305 580 1342 fere
601 1305 638 1342 in
659 1312 830 1342 mentem
851 1305 1069 1350 veniebant,
1090 1316 1189 1352 quae
1219 1304 1388 1342 dicenda
1415 1311 1591 1353 putarem

199 1369 248 1406 de
280 1375 414 1406 natura
444 1368 619 1406 deorum.
675 1370 736 1406 Tu
771 1375 913 1414 autem,
946 1369 1073 1413 Cotta,
1095 1369 1124 1405 si
1157 1380 1220 1405 me
1249 1368 1402 1414 audias‚-
1424 1367 1591 1406 eandem

200 1445 355 1470 causam
372 1445 462 1481 agas
478 1440 593 1481 teque
613 1439 651 1470 et
671 1433 886 1482 principem
904 1433 1027 1469 civem
1049 1439 1086 1469 et
1106 1433 1329 1480 pontificem
1346 1444 1429 1470 esse
1446 1433 1593 1481 cogites

201 1505 251 1543 et,
283 1497 467 1545 quoniam
498 1497 535 1533 in
567 1504 770 1545 utramque
804 1504 951 1545 partem
984 1497 1092 1533 vobis
1125 1497 1214 1533 licet
1252 1496 1460 1544 disputare,
1492 1496 1644 1533 hanc2o
1689 1501 1693 1503 ”

200 1562 328 1611 potius
357 1573 484 1598 sumas
514 1572 678 1609 eamque
708 1561 930 1597 facultatem
952 1560 1178 1606 disserendi,
1199 1572 1315 1608 quam
1336 1561 1403 1597 tibi
1423 1572 1447 1597 a
1464 1560 1591 1598 rheto-

200 1626 288 1663 ricis
322 1625 658 1662 exercitationibus
691 1631 894 1672 acceptam
928 1625 1175 1672 amplificavit
1209 1624 1431 1670 Academia,
1465 1625 1594 1673 potius

202 1690 278 1727 huc
299 1689 485 1726 conferas.
543 1689 649 1725 Mala
669 1689 772 1725 enim
793 1695 831 1724 et
852 1688 969 1736 impia
989 1687 1234 1724 consuetudo
1254 1695 1311 1725 est
1337 1695 1471 1725 contra
1497 1687 1593 1725 deos

203 1754 439 1803 disputandi,
461 1754 539 1791 sive
560 1766 608 1791 ex
628 1754 758 1790 animo
778 1753 816 1790 id
837 1753 877 1790 fit
897 1754 975 1790 sive
996 1753 1183 1789 simulate.
