1626 2741
524 183 659 214 1,lss.1.
705 182 921 213 cmm-v.
969 182 1120 222 §§6-11.
1465 181 1513 220 33

122 296 265 334 genere
294 291 443 322 tantum
473 285 681 332 profecisse
710 283 896 332 videmur,
925 289 966 320 ut
996 295 1018 319 a
1048 283 1208 320 Graecis
1237 294 1286 319 ne
1315 282 1517 318 verborum

123 349 282 397 quidem
309 350 424 397 copia
443 349 696 398 vinceremur.
756 348 923 384 Hortata
951 348 1066 383 etiam
1097 354 1166 391 est,
1187 354 1228 383 ut
1257 358 1320 382 me
1347 345 1397 382 ad
1423 345 1517 382 haec
1546 355 1562 379 9

123 414 349 457 conferrem,
370 413 487 449 animi
517 412 718 460 aegritudo
745 411 921 448 fortunae
951 423 1091 458 magna
1121 419 1158 446 et
1188 411 1290 458 gravi
1321 417 1519 446 commota

123 477 282 523 iniuria;
315 478 424 513 cuius
457 477 487 513 si
523 477 707 513 maiorem
743 476 910 523 aliquam
942 475 1173 511 levationem
1207 475 1371 522 reperire
1407 482 1518 522 potu-

81 555 96 579 s
123 542 249 586 issem,
282 553 359 578 non
393 540 443 577 ad
483 541 582 577 hanc
622 541 864 588 potissimum
905 539 1191 586 confugissem3
1235 551 1281 575 ea
1313 551 1402 575 vero
1438 539 1520 586 ipsa

122 606 224 643 nulla
255 606 401 642 ratione
440 605 576 642 melius
615 605 685 641 frui
724 604 843 652 potui,
879 615 997 651 quam
1035 603 1066 640 si
1104 615 1166 640 me
1205 615 1285 640 non
1318 603 1438 639 modo
1469 602 1519 639 ad

121 669 308 718 legendos
347 669 474 714 libros,
504 668 575 705 sed
615 669 732 705 etiarn
772 667 822 704 ad
863 674 986 704 totam
1026 667 1312 716 philosophiam
1352 674 1517 715 pertrac-

121 734 279 771 tandam
317 733 527 771 dedissem.
598 733 746 770 Omnes
785 739 916 768 autem
955 728 1042 768 eius*
1073 739 1200 780 partes
1238 739 1353 779 atque
1387 731 1520 767 omnia

123 799 296 835 membra
323 804 404 835 tum
439 798 630 834 facillume
664 804 888 840 noscuntur,
910 809 1000 832 cum
1025 803 1129 833 totae
1163 796 1408 844 quaestiones
1428 795 1518 832 scri-

74 877 106 892 10
124 862 254 900 bendo
281 862 544 911 explicantur;
574 867 632 898 est
661 861 765 898 enim
795 860 1028 897 admirabilis
1057 860 1250 908 quaedam
1281 860 1519 896 continuatio

123 927 316 975 seriesque
345 938 484 971 rerum,
506 933 548 962 ut
577 926 650 962 alia
679 937 727 962 ex
755 925 827 961 alia
856 937 956 962 nexa
985 932 1022 962 et
1049 937 1184 962 omnes
1214 925 1311 961 inter
1339 935 1379 960 se
1407 931 1518 971 aptae

123 991 415 1039 conligataeque
449 989 661 1026 videantur.
720 990 798 1037 Qui
833 997 962 1026 autem
994 989 1203 1037 requirunt,
1237 987 1331 1036 quid
1365 1000 1517 1035 quaque
1541 993 1563 1048 ἶ)

122 1054 172 1092 de
206 1067 246 1091 re
277 1055 348 1103 ipsi
379 1054 601 1099 sentiamus,
623 1054 810 1103 curioshij
840 1053 880 1090 id
907 1054 1062 1098 faciunt,
1095 1065 1211 1105 quam
1244 1064 1405 1089 necesse
1436 1060 1517 1096 est;

87 1162 89 1164 ,
122 1130 200 1156 non
221 1119 325 1155 enim
351 1125 430 1155 tam
459 1125 636 1155 auctores
666 1119 705 1155 in
735 1117 971 1166 disputando
1000 1130 1117 1165 quam
1146 1117 1301 1154 rationis
1322 1124 1519 1153 momenta

75 1197 105 1229 ¹⁷⁵
123 1182 346 1231 quaerenda
365 1189 464 1219 sunt.
524 1182 630 1230 Quin
660 1183 776 1219 etiam
806 1182 917 1219 obest
946 1181 1172 1230 plerumque
1201 1181 1258 1225 iis,
1280 1181 1345 1229 qui
1369 1180 1517 1217 discere

122 1247 268 1293 volunt,
301 1248 506 1285 auctoritas
539 1259 685 1292 eorum,
714 1247 779 1295 qui
810 1258 851 1283 se
879 1245 1020 1283 docere
1056 1246 1308 1294 profitentur3
1339 1245 1519 1282 desinunt

123 1313 228 1349 enim
258 1324 368 1349 suum
401 1312 588 1349 iudicium
620 1311 818 1356 adhibere,
846 1310 885 1347 id
917 1310 1061 1347 habent
1090 1317 1226 1354 ratum,
1252 1309 1358 1357 quod
1382 1309 1430 1346 ab
1457 1321 1517 1354 eo,

122 1389 239 1426 quem
268 1378 445 1426 probant,
466 1377 681 1414 iudicatum
700 1375 845 1423 vident.
903 1376 989 1412 Nec
1018 1387 1109 1412 vero
1138 1375 1301 1423 probare
1331 1374 1436 1411 soleo
1467 1374 1517 1419 id,

123 1441 231 1490 quod
246 1442 296 1479 de
318 1442 565 1490 Pythagoreis
586 1441 821 1489 accepimus,
842 1452 940 1488 quos
961 1440 1097 1484 ferunt,
1113 1440 1142 1476 si
1159 1438 1255 1486 quid
1274 1439 1520 1475 adfirmarent

73 1508 162 1544 20i1'1
177 1506 424 1556 disputando,
439 1519 528 1543 cum
549 1518 597 1543 ex
617 1506 671 1543 eis
687 1511 943 1554 quaereretur,
958 1516 1076 1552 quare
1092 1504 1144 1540 ita
1159 1510 1271 1548 esset,
1285 1503 1519 1551 respondere

123 1572 278 1609 solitos:
310 1572 443 1619 ‘Ipse
473 1571 631 1608 dixit'.
689 1570 824 1618 ‘Ipse'
845 1575 976 1606 autern
1005 1575 1084 1604 erat
1117 1567 1361 1616 Pythagoras.
1417 1568 1518 1604 Tan-

122 1643 204 1672 tum
228 1636 361 1684 opinio
393 1634 657 1683 praeiudicata
687 1640 849 1683 poterat,
871 1640 912 1670 ut
946 1633 1063 1669 etiam
1093 1632 1174 1668 sine
1208 1632 1355 1668 ratione
1379 1632 1521 1668 valeret

1553 1027 1570 1048 ⁴)

123 1700 341 1736 auctoritas.
399 1699 475 1747 Qui
494 1705 624 1736 autem
653 1698 891 1735 admirantur
919 1709 991 1733 nos
1020 1696 1120 1733 hanc
1144 1696 1387 1744 potissimum
1407 1696 1519 1732 disci·
1542 1709 1568 1733 ll

123 1765 268 1812 plinam
288 1770 454 1809 secutos,
485 1763 528 1800 iis
558 1770 739 1811 quattuor
767 1761 1014 1799 Academicis
1044 1761 1145 1798 libris
1175 1761 1263 1797 satis
1293 1772 1521 1808 responsum

75 1842 106 1865 23
124 1828 284 1865 videtur.
355 1828 440 1864 Nec
471 1839 562 1864 vero
596 1826 836 1864 desertarum
869 1826 1165 1873 relictarumque
1198 1836 1326 1861 rerum
1356 1825 1520 1872 patroci-

125 1893 232 1929 nium
269 1892 536 1940 suscepimus3
584 1903 664 1928 non
711 1891 816 1927 enirn
864 1890 1067 1927 hominum
1113 1889 1267 1926 interitu
1309 1889 1521 1925 sententiae

125 1969 281 2005 quoque
312 1956 510 2000 occidunt,
542 1955 612 1993 sed
647 1956 772 1992 lucem
807 1955 974 1991 auctoris
1005 1955 1164 1991 fortasse
1196 1952 1416 1990 desiderant
1433 1966 1442 1998 ;
1481 1962 1522 1989 ut

125 2016 222 2053 haec
251 2017 290 2053 in
318 2016 564 2064 philosophia
595 2016 690 2052 ratio
725 2023 860 2051 contra
893 2015 1025 2051 omnia
1058 2013 1272 2051 disserendi
1300 2014 1520 2061 nullamque

125 2093 206 2117 rem
236 2087 366 2129 aperte
398 2079 596 2117 iudicandi
629 2079 801 2128 profecta
830 2091 853 2114 a
883 2079 1053 2124 Socrate,
1074 2079 1238 2125 repetita
1267 2077 1316 2114 ab
1340 2077 1521 2122 Arcesila,

77 2161 109 2185 30
125 2145 352 2181 confirmata
369 2156 392 2181 a
412 2143 614 2182 Carneade
635 2155 758 2191 usque
779 2142 830 2179 ad
850 2150 1021 2180 nostram
1040 2143 1160 2191 viguit
1180 2149 1346 2179 aetatem
1363 2156 1373 2187 3
1403 2154 1522 2189 quam

126 2220 229 2245 nunc
266 2220 389 2256 prope
427 2208 589 2245 modum
627 2207 762 2244 orbam
801 2219 884 2243 esse
928 2207 966 2242 in
1005 2207 1088 2254 ipsa
1125 2207 1290 2243 Graecia
1328 2205 1520 2253 intellego.

128 2271 247 2320 Quod
283 2284 364 2308 non
393 2271 629 2309 Academiae
663 2272 766 2315 vitio,
799 2270 869 2308 sed
907 2270 1084 2307 tarditate
1123 2270 1326 2307 hominum
1364 2270 1523 2307 arbitror

127 2336 347 2384 contigisse.
422 2337 525 2373 Nam
562 2336 592 2372 si
630 2335 796 2384 singulas
837 2335 1061 2382 disciplinas
1099 2335 1299 2382 percipere
1338 2346 1522 2382 magnum

128 2406 197 2443 est,
227 2406 372 2448 quanto
403 2400 525 2436 maius
553 2400 707 2436 omnis?
734 2398 841 2447 quod
873 2399 999 2435 facere
1029 2398 1073 2434 iis
1101 2409 1262 2434 necesse
1293 2405 1362 2443 est,
1383 2398 1523 2446 quibus

78 2482 109 2506 35
127 2463 368 2512 propositum
397 2470 455 2500 est
474 2463 551 2500 veri
579 2462 799 2511 reperiendi
829 2474 945 2499 causa
972 2469 1010 2498 et.
1039 2468 1175 2499 contra
1203 2462 1329 2498 omnis
1353 2461 1521 2510 philoso-
