1714 2807
146 201 157 229 1
174 191 221 229 18
575 196 638 227 DE
668 195 860 226 NATURA
892 194 1102 225 DEORUM.

138 300 266 349 figuris
286 299 538 336 animantium
559 304 598 335 et
617 309 736 345 quam
756 296 886 333 sollers
907 295 1130 343 subtilisque
1151 294 1349 344 discriptio
1369 295 1534 344 partium

138 376 334 414 quamque
363 362 596 400 admirabilis
626 361 769 398 fabrica
798 360 1070 397 membrorum.
1129 360 1272 397 Omnia
1298 361 1413 404 enim,
1434 371 1533 407 quae

138 429 296 477 quidem
332 429 432 465 intus
467 427 614 464 inclusa
647 432 746 470 sunt,
780 425 831 461 ita
864 431 954 460 nata
988 431 1102 472 atque
1138 424 1189 460 ita
1219 424 1344 460 locata
1373 430 1473 468 sunt,
1495 429 1535 460 ut

138 493 231 530 nihil
251 505 384 530 eorum
406 501 736 539 supervacaneum
766 489 824 534 sit,
847 488 940 525 nihil
969 487 1019 524 ad
1040 488 1155 524 vitam
1185 487 1426 524 retinendam
1455 499 1535 524 non

81 568 128 593 122
139 557 410 594 necessarium.
470 554 590 592 Dedit
614 560 744 590 autem
773 552 914 590 eadem
942 559 1078 588 natura
1105 552 1227 589 beluis
1251 558 1289 588 et
1314 563 1469 588 sensum
1498 557 1536 588 et
1563 564 1578 588 s

139 622 366 670 appetitum,
388 626 427 656 ut
448 619 568 656 altero
589 625 772 655 conatum
800 616 986 653 haberent
1015 615 1065 652 ad
1094 616 1284 652 naturales
1313 622 1443 664 pastus
1472 627 1534 651 ca-

139 685 366 734 pessendos,
387 685 506 721 altero
535 689 782 720 secernerent
808 681 988 730 pestifera
1008 692 1030 716 a
1049 680 1285 717 salutaribus.
1343 680 1426 716 Iam
1446 691 1536 716 vero

140 750 212 787 alia
232 749 409 786 animalia
428 747 656 797 gradiendo,
678 747 751 783 alia
770 745 965 794 serpendo
985 744 1035 781 ad
1059 751 1213 792 pastum
1239 743 1445 788 accedunt,
1466 744 1538 780 alia

138 814 318 859 volando,
351 814 424 850 alia
457 812 601 856 nando,
632 811 841 858 cibumque
873 810 1012 858 partim
1043 809 1117 846 oris
1150 809 1253 845 hiatu
1287 814 1326 845 et
1357 807 1537 845 dentibus

141 880 230 927 ipsis
269 884 488 926 capessunt,
524 876 662 924 partim
701 875 887 922 unguium
925 873 1132 910 tenacitate
1171 873 1365 920 arripiunt,
1400 872 1537 920 partim
1557 887 1589 904 ιο

141 943 362 980 aduncitate
409 948 630 985 rostrorum,
663 939 737 975 alia
783 944 934 986 sugunt,
970 938 1043 974 alia
1076 944 1251 985 carpunt,
1286 937 1357 972 alia
1390 942 1536 982 vorant,

141 1008 213 1044 alia
233 1006 447 1052 mandunt;
477 1013 592 1053 atque
615 1004 730 1041 etiam
760 1003 922 1039 aliorum
951 1014 998 1039 ea
1026 1008 1084 1039 est
1112 1001 1316 1046 humilitas,
1338 1008 1377 1037 ut
1407 1001 1537 1050 cibum

83 1085 130 1110 123
141 1078 356 1109 terrestrem
376 1070 504 1107 rostris
526 1069 636 1105 facile
658 1068 909 1115 contingant;
940 1078 1040 1114 quae
1062 1073 1191 1102 autem
1213 1065 1347 1102 altiora
1375 1072 1474 1110 sunt,
1496 1072 1538 1101 ut

141 1147 306 1180 ansereS,
336 1142 377 1171 ut
407 1134 534 1182 cygni,
564 1140 606 1169 ut
636 1144 760 1180 grues,
793 1139 834 1168 ut
865 1131 1015 1176 cameli,
1050 1130 1278 1167 adiuvantur
1308 1130 1537 1178 proceritate

142 1201 328 1237 collorum
345 1211 353 1243 3
385 1210 520 1235 manus
540 1198 656 1234 etiam
678 1196 768 1233 data
788 1196 996 1244 elephanto
1017 1202 1085 1240 est,
1107 1195 1196 1242 quia
1215 1201 1373 1242 propter
1391 1193 1535 1242 magni·
1557 1210 1587 1233 15

85 1266 133 1300 48
145 1264 318 1301 tudinem
341 1263 512 1311 corporis
532 1261 709 1298 difficiles
729 1260 854 1297 aditus
879 1260 1046 1296 habebat
1075 1258 1124 1295 ad
1154 1265 1320 1307 pastum.
1377 1259 1427 1294 At
1455 1258 1537 1306 qui-

143 1329 213 1366 bus
241 1328 372 1365 bestiis
402 1333 481 1363 erat
510 1326 540 1363 is
570 1325 691 1370 cibus,
714 1331 754 1361 ut
784 1324 865 1361 aliis
901 1322 1094 1373 [generis]
1128 1323 1259 1360 bestiis
1279 1328 1537 1367 vescerentur,

144 1401 207 1431 aut
239 1394 336 1429 vires
371 1399 506 1429 natura
539 1390 647 1427 dedit
681 1396 746 1426 aut
780 1389 1028 1425 celeritatem.
1087 1389 1189 1424 Data
1219 1394 1277 1424 est
1308 1379 1538 1435 quibusdam

145 1459 259 1495 etiam
279 1456 514 1494 machinatio
535 1454 728 1503 quaedam
748 1460 863 1502 atque
891 1453 1067 1497 sollertia,
1090 1458 1131 1488 ut
1160 1452 1198 1488 in
1228 1451 1415 1488 araneolis
1444 1451 1539 1488 aliae

145 1522 253 1571 quasi
281 1528 360 1558 rete
391 1527 536 1564 texunt,
559 1526 611 1564 ut,
633 1519 660 1555 si
693 1517 787 1566 quid
815 1517 1031 1561 inhaeserit,
1053 1516 1273 1561 conficiant,
1295 1515 1390 1551 aliae
1410 1522 1539 1552 autem
1558 1529 1591 1546 20

145 1599 192 1624 ex
213 1586 411 1634 inopinato
431 1584 636 1620 observant
660 1590 709 1627 et,
731 1582 762 1619 si
791 1580 885 1629 quid
917 1580 1063 1625 incidit,
1085 1580 1268 1628 arripiunt
1297 1579 1415 1627 idque
1445 1591 1539 1616 con-

146 1656 312 1688 sumunt.
372 1649 466 1685 Pina
485 1660 575 1684 vero
603 1648 677 1694 (sic
708 1647 810 1683 enim
843 1646 993 1683 Graece
1024 1644 1182 1691 dicitur)
1210 1643 1360 1681 duabus
1389 1643 1539 1692 grandi—

146 1715 217 1751 bus
250 1713 380 1762 patula
413 1712 574 1749 conchis
609 1723 698 1747 cum
733 1722 850 1758 parva
889 1709 1024 1757 squilla
1062 1709 1168 1757 quasi
1203 1709 1429 1745 societatem
1463 1709 1541 1745 coit

146 1777 397 1826 comparandi
420 1777 506 1821 cibi,
528 1776 670 1823 itaque,
692 1787 780 1811 cum
807 1774 980 1823 pisciculi
1010 1774 1113 1822 parvi
1144 1774 1181 1809 in
1211 1773 1403 1810 concham
1433 1772 1540 1809 hian-

147 1850 224 1879 tem
247 1843 522 1885 innataverunt,
544 1847 625 1876 tum
647 1839 847 1875 admonita
867 1838 1024 1886 squillae
1047 1850 1175 1874 morsu
1200 1840 1292 1886 pina
1321 1837 1540 1885 comprimit
1559 1848 1590 1872 2⁵

147 1906 329 1944 conchas.
377 1905 438 1942 Sic
459 1903 718 1941 dissimillimis
738 1903 908 1939 bestiolis
929 1901 1189 1938 communiter
1208 1901 1316 1938 cibus
1336 1901 1540 1949 quaeritur.

89 1985 137 2011 124
150 1972 194 2007 In
226 1982 304 2018 quo
336 1967 604 2005 admirandum
637 1974 705 2012 est,
733 1977 994 2014 congressune
1027 1966 1154 2013 aliquo
1187 1966 1285 2002 inter
1314 1977 1355 2002 se
1385 1977 1434 2002 an
1465 1965 1541 2002 iam

147 2035 237 2073 inde
259 2035 307 2071 ab
327 2042 411 2071 ortu
432 2040 566 2070 natura
586 2033 668 2081 ipsa
688 2038 944 2080 congregatae
966 2031 1052 2068 sint.
1112 2032 1180 2067 Est
1200 2031 1315 2067 etiam
1339 2029 1541 2067 admiratio

147 2112 226 2137 non
242 2099 343 2136 nulla
359 2099 397 2134 in
417 2098 546 2134 bestiis
563 2097 790 2144 aquatilibus
812 2097 867 2140 iis,
884 2107 984 2143 quae
1005 2095 1211 2143 gignuntur
1226 2094 1264 2131 in
1280 2101 1402 2137 terra;
1425 2094 1542 2131 veluti

148 2163 332 2201 crocodili
364 2162 637 2209 fluviatilesque
666 2160 878 2197 testudines
908 2159 1178 2207 quaedamque
1207 2165 1405 2207 serpentes
1434 2166 1541 2195 ortae
1560 2167 1593 2191 30

149 2235 254 2265 extra
281 2239 434 2275 aquam,
456 2225 566 2262 simul
595 2237 640 2261 ac
669 2225 834 2273 primum
864 2224 931 2260 niti
952 2229 1124 2271 possunt,
1146 2234 1285 2270 aquam
1306 2233 1542 2270 persequun-

148 2300 218 2329 tur.
281 2291 386 2339 Quin
425 2290 540 2327 etiam
578 2290 724 2325 anitum
762 2300 835 2325 ova
872 2287 1017 2335 gallinis
1051 2299 1168 2335 saepe
1202 2287 1481 2334 supponimus;
1520 2298 1541 2323 e

149 2357 286 2404 quibus
316 2355 406 2403 pulli
437 2355 507 2391 orti
538 2354 662 2401 primo
692 2353 842 2388 aluntur
869 2352 918 2387 al)
947 2352 990 2388 iis
1019 2358 1060 2387 ut
1089 2364 1111 2387 a
1140 2351 1334 2395 matribus,
1356 2363 1378 2386 a
1404 2350 1542 2398 quibus

150 2415 476 2466 exclusi'”‘sotiqtie
515 2424 614 2462 sunt,
650 2416 794 2453 deinde
828 2428 892 2452 eas
930 2415 1147 2462 relinquunt
1185 2421 1223 2451 et
1261 2414 1447 2462 effugiunt
1484 2426 1541 2451 se-

149 2491 322 2532 quentes,
353 2495 443 2519 cum
476 2482 641 2531 primum
675 2492 815 2529 aquam
844 2480 952 2528 quasi
981 2479 1193 2516 naturalem
1222 2478 1389 2516 domum·
1411 2477 1541 2515 videre
1561 2483 1592 2508 ³⁵
