1714 2807
163 161 219 209 84
599 164 661 195 DE
691 162 881 195 NATURA
913 161 1122 194 DEORUM.

162 271 279 308 simus
300 266 583 306 circumfundat
603 266 693 302 aer?
722 271 761 301 ut
781 264 832 301 ob
852 275 937 300 eam
958 263 1080 311 ipsam
1109 275 1277 309 causam,
1307 264 1414 312 quod
1443 265 1559 302 etiam

163 333 393 383 quibusdam
446 330 665 379 regionibus
721 335 835 376 atque
889 327 1045 364 urbibus
1097 328 1320 376 contingere
1373 328 1558 374 videmus,

163 399 360 436 hebetiora
398 403 439 433 ut
476 396 550 432 sint
589 393 790 430 hominum
827 392 980 440 ingenia
1018 398 1174 440 propter
1214 392 1310 428 caeli
1348 392 1559 440 pleniorem

164 472 350 506 naturam,
373 461 447 497 hoc
468 459 570 495 idem
592 457 721 506 generi
743 457 912 492 humano
942 456 1121 500 evenerit,
1143 455 1250 503 quod
1280 456 1317 492 in
1346 464 1455 501 terra,
1485 456 1560 493 hoc

114 540 146 565 18
165 535 220 564 est
242 528 278 563 in
299 524 531 562 crassissima
550 522 706 570 regione
729 519 875 564 mundi,
897 520 1088 556 conlocati
1116 520 1201 556 sint.
1261 520 1309 556 Et
1347 527 1476 556 tamen
1515 533 1561 557 cx
1589 537 1602 560 5

165 593 246 640 ipsa
275 590 475 627 hominum
505 587 669 624 sollertia
698 596 780 622 esse
812 584 978 632 aliquam
1008 591 1190 627 mentem,
1220 591 1258 620 et
1287 596 1373 620 eam
1402 584 1561 632 quidem

165 656 350 692 acriorem
400 660 438 690 et
488 652 669 694 divinam,
721 649 934 685 existimare
974 647 1174 684 debemus.
1232 652 1240 666 ⁴
1257 647 1393 686 Unde
1437 648 1561 685 enim

166 720 288 756 hanc
317 719 457 755 homo
487 715 744 763 arripuit?’
775 721 814 750 ut
837 713 888 749 ait
908 711 1013 759 apud
1042 711 1343 759 Xenophontem
1373 713 1560 749 Socrates.

167 784 271 831 Quin
311 789 349 819 et
385 793 560 818 umorem
598 787 635 816 et
674 778 854 821 calorem,
893 776 959 824 qui
998 782 1056 812 est
1094 775 1197 811 fusus
1235 775 1273 812 in
1312 787 1487 824 corpore,
1525 783 1562 812 et

166 855 354 885 terrenam
389 846 511 893 ipsam
545 844 735 880 viscerum
769 841 1013 886 soliditatem,
1049 839 1220 875 animum
1255 838 1423 887 denique
1458 839 1561 876 illum
1585 859 1614 876 10

167 911 397 960 spirabilem,
418 909 448 945 si
469 909 553 956 quis
573 914 741 955 quaerat,
763 905 866 943 unde
888 905 1111 949 habeamus,
1133 910 1304 951 apparet,
1326 903 1432 951 quod
1462 903 1564 940 aliud

167 989 189 1013 a
208 984 306 1013 terra
325 974 569 1022 sumpsimus,
590 971 692 1008 aliud
713 971 762 1008 ab
782 982 928 1015 umore,
949 969 1051 1006 aliud
1071 969 1120 1006 ab
1149 969 1238 1016 igni,
1267 967 1372 1005 aliud
1400 968 1449 1005 ab
1477 969 1564 1006 aere

124 1042 142 1077 7
170 1053 229 1085 eo,
268 1051 385 1087 quem
423 1038 554 1086 spiritu
593 1036 784 1072 ducimus.
842 1034 942 1071 Illud
986 1041 1126 1078 autem,
1166 1032 1273 1081 quod
1313 1032 1430 1069 vincit
1469 1032 1564 1070 hacc

168 1105 310 1149 onmia,
343 1103 530 1140 rationem
565 1100 654 1137 dico
689 1107 738 1145 et,
777 1099 807 1136 si
841 1099 968 1147 placet
1005 1098 1172 1146 pluribus
1209 1098 1345 1143 verbis,
1381 1105 1564 1143 mentem,
1599 1113 1603 1116 ⁴

168 1169 383 1212 consilium,
432 1165 718 1213 cogitationem,
762 1163 1017 1211 prudentiam,
1059 1162 1123 1199 ubi
1171 1162 1415 1200 invenimus?
1460 1162 1565 1200 unde
1585 1179 1615 1202 ιε

169 1233 416 1270 sustulimus?
471 1232 530 1266 An
569 1236 698 1265 cetera
736 1227 902 1264 mundus
941 1227 1096 1263 habebit
1134 1227 1276 1272 onmia,
1315 1227 1390 1264 hoc
1432 1239 1592 1272 unum‚‚

169 1296 275 1345 quod
313 1295 463 1344 plurimi
502 1301 570 1339 est,
610 1305 688 1329 non
727 1292 909 1328 habebit?
964 1291 1077 1338 Atqui
1118 1299 1221 1328 certe
1259 1292 1352 1328 nihil
1390 1293 1566 1330 omnium

169 1373 294 1398 rerum
316 1360 450 1396 melius
471 1366 527 1395 est
548 1356 707 1402 mundo,
729 1356 821 1393 nihil
841 1355 1113 1404 praestabilius,
1135 1356 1227 1392 nihil
1256 1356 1462 1404 pulchrius,
1492 1369 1565 1394 nec

170 1426 293 1463 solum
318 1424 410 1461 nihil
430 1430 498 1467 est,
520 1421 589 1459 sed
610 1433 657 1458 ne
679 1421 835 1469 cogitari
857 1419 1014 1468 quidem
1036 1420 1244 1468 quicquam
1272 1421 1406 1459 melius
1426 1428 1565 1471 potest.

173 1491 222 1527 Et
259 1490 288 1526 si
320 1488 465 1525 ratione
500 1493 537 1523 et
568 1486 755 1534 sapientia
788 1484 881 1521 nihil
913 1490 969 1521 est
1005 1485 1149 1529 melius,
1184 1497 1345 1522 necesse
1379 1493 1437 1523 est
1470 1487 1566 1524 haec
1585 1505 1617 1522 20

122 1564 154 1590 19
172 1554 295 1590 inesse
330 1553 368 1589 in
402 1563 461 1596 eo,
496 1549 603 1598 quod
636 1549 826 1598 optimum
860 1560 944 1585 esse
983 1548 1248 1586 concedimus.
1307 1550 1413 1598 Quid
1451 1551 1569 1588 vero?

171 1624 276 1655 tanta
295 1629 420 1654 rerum
441 1614 697 1659 consentiens,
720 1613 956 1661 conspirans,
987 1613 1210 1650 continuata
1241 1615 1420 1663 cognatio
1449 1626 1567 1663 quern

171 1695 250 1719 non
271 1688 385 1729 coget
405 1692 462 1725 ea,
483 1691 581 1727 quae
603 1678 782 1715 dicuntur
801 1690 824 1714 a
850 1689 924 1723 me,
955 1678 1221 1726 conprobare?
1278 1680 1461 1717 Possetne
1490 1692 1569 1717 uno

171 1755 345 1795 tempore
367 1745 511 1789 florere,
533 1744 623 1781 dein
643 1743 811 1779 vicissim
832 1742 984 1779 horrere
1006 1744 1132 1780 terra?
1161 1751 1225 1780 aut
1251 1751 1307 1781 tot
1335 1745 1448 1782 rebus
1478 1745 1568 1794 ipsis

172 1823 212 1848 se
236 1810 510 1847 inmutantibus
537 1808 626 1844 solis
649 1819 827 1843 accessus
855 1807 1125 1856 discessusque
1153 1808 1318 1845 solstitiis
1347 1809 1568 1857 brumisque
1587 1826 1618 1850 25

172 1875 385 1924 cognosci?
414 1880 478 1910 aut
507 1878 634 1909 aestus
667 1872 843 1908 maritimi
874 1871 1133 1920 fretorumque
1163 1873 1361 1920 angustiae
1391 1880 1474 1910 ortu
1504 1880 1570 1910 aut

172 1940 278 1977 obitu
299 1939 411 1975 lunae
433 1937 697 1974 commoveri?
724 1943 789 1973 aut
809 1948 885 1973 una
905 1937 1020 1973 totius
1041 1937 1136 1973 caeli
1157 1937 1408 1974 conversione
1439 1950 1569 1975 cursus

174 2011 358 2041 astrorum
380 2002 550 2050 dispares
571 2001 815 2037 conservari?
874 2001 985 2036 Haec
1015 2001 1066 2037 ita
1092 2001 1172 2037 fieri
1201 2001 1380 2038 omnibns
1409 2001 1506 2038 inter
1528 2014 1568 2038 se

173 2067 468 2105 concinentibus
488 2065 622 2102 mundi
644 2065 812 2113 partibus
834 2065 1008 2112 profecto
1030 2077 1108 2101 non
1128 2072 1299 2113 possent,
1321 2065 1392 2102 nisi
1417 2078 1463 2102 ea
1492 2078 1570 2103 uno

122 2140 156 2167 20
173 2131 303 2169 divino
333 2137 371 2167 et
400 2130 624 2166 continuato
654 2129 785 2177 spiritu
817 2129 1115 2165 continerentur.
1173 2131 1300 2176 Atque
1342 2129 1439 2166 haec
1479 2142 1567 2167 cum
1588 2150 1621 2174 30

173 2196 325 2233 uberius
363 2193 606 2242 disputantur
643 2200 681 2229 et
718 2193 848 2237 fusius,
887 2200 928 2229 ut
967 2193 1058 2228 mihi
1097 2199 1154 2229 est
1191 2193 1229 2229 in
1267 2193 1398 2230 animo
1431 2194 1568 2239 facere,

173 2260 318 2296 facilius
357 2258 542 2306 effugiunt
580 2256 905 2294 Academicorum
943 2257 1200 2302 calumniam;
1230 2269 1319 2294 cum
1354 2265 1495 2302 autem,
1530 2267 1570 2296 ut

172 2325 277 2361 Zeno
298 2323 457 2367 solebat,
478 2322 629 2359 brevius
650 2321 923 2369 angustiusque
945 2320 1240 2365 concluduntur,
1271 2328 1351 2358 tum
1381 2323 1570 2369 apertiora

174 2395 260 2425 sunt
286 2387 336 2424 ad
365 2384 692 2435 reprendendum.
750 2384 852 2420 Nam
881 2390 922 2420 ut
950 2384 1142 2432 profluens
1172 2385 1295 2421 amnis
1324 2393 1387 2422 aut
1416 2386 1477 2422 vix
1505 2393 1569 2422 aut

173 2453 277 2489 nullo
317 2450 450 2496 modo,
489 2449 673 2487 conclusa
720 2455 849 2485 autem
896 2459 997 2496 aqua
1043 2448 1150 2485 facile
1199 2450 1474 2498 conrumpitur,
1514 2451 1568 2487 sic
1588 2469 1618 2493 35
