1714 2807
193 177 271 217 144
620 172 684 204 DE
713 172 904 205 NATURA
935 172 1144 204 DEORUM.

186 276 321 325 Quid?
350 282 478 313 aestus
504 274 682 312 maritimi
702 274 762 311 vel
792 274 1073 322 Hispanienses
1097 273 1158 310 vel
1187 273 1396 311 Britannici
1425 285 1506 312 eor„

185 353 260 390 que
288 340 401 377 certis
427 339 665 388 temporibus
694 338 754 374 vel
785 350 963 375 accessus
992 338 1052 374 vel
1079 349 1252 375 recessus
1279 338 1361 375 sine
1391 337 1468 375 deo
1496 338 1580 376 fieri

185 417 264 442 non
293 404 482 453 possunt?
536 402 649 448 Vide,
674 414 831 450 quaeso,
857 403 887 439 si
916 402 1042 439 omnis
1072 408 1200 439 motus
1228 402 1448 450 omniaque,
1478 415 1578 451 quae

186 470 298 506 certis
323 467 563 516 temporibus
590 466 766 503 ordinem
790 479 902 503 suum
923 473 1162 511 conservant,
1184 465 1312 503 divina
1332 466 1508 512 dicimus,
1528 479 1578 504 ne

185 534 364 571 tertianas
385 543 539 580 quoque
562 531 686 568 febres
708 537 745 567 et
766 537 969 578 quartanas
994 529 1141 567 divinas
1169 542 1251 567 esse
1279 530 1490 567 dicendum
1518 531 1576 577 sit,
1604 542 1620 567 s

185 609 348 646 quarum
374 596 591 633 reversione
620 601 658 631 et
683 601 791 631 motu
815 593 909 642 quid
929 600 1057 642 potest
1077 606 1160 630 esse
1182 595 1446 631 constantius?
1502 593 1580 632 Sed

135 675 167 700 25
186 662 359 698 omnium
379 660 510 697 talium
529 671 656 696 rerum
676 658 771 694 ratio
791 657 993 694 reddenda
1013 665 1080 695 est.
1126 657 1245 705 Quod
1259 670 1327 695 vos
1347 671 1438 695 cum
1452 659 1577 696 facere

185 738 264 763 non
282 725 455 774 potestis,
477 731 674 772 tamquam
694 723 733 759 in
752 734 856 758 aram
876 722 1080 770 confugitis
1101 721 1151 759 ad
1171 721 1301 759 deum.

241 790 291 826 Et
311 788 548 837 Chrysippus
568 787 636 823 tibi
662 793 773 822 acute
808 785 938 822 dicere
967 785 1179 831 videbatur,
1201 785 1319 823 homo
1348 786 1430 823 sine
1459 785 1578 824 dubio

185 860 357 891 versutus
396 859 433 888 et
473 849 631 887 callidus
672 851 863 899 (versutos
902 861 969 886 eos
1004 849 1169 897 appello,
1204 862 1368 898 quorum
1405 850 1580 887 celeriter
1598 866 1630 883 ιο

187 930 296 955 mens
316 923 495 961 versatur,
517 913 677 951 callidos
701 921 843 959 autem,
864 925 1041 961 quorum,
1062 920 1260 961 tamquam
1286 926 1421 950 manus
1447 926 1577 962 opere,

186 983 240 1019 sic
270 981 420 1018 animus
449 991 519 1015 usu
551 978 776 1025 concalluit)
799 991 809 1023 3
841 977 872 1013 is
896 977 1030 1025 igitur:
1068 977 1129 1014 ‘Si
1157 977 1302 1024 aliquid
1331 984 1387 1014 est
1402 978 1423 1023 ’,
1444 977 1577 1026 inquit,

187 1044 317 1095 ‘quod
347 1044 467 1081 homo
498 1041 650 1079 efficere
680 1053 759 1078 non
786 1041 918 1089 possit,
949 1041 1013 1089 qui
1043 1039 1084 1077 id
1113 1040 1240 1086 efficit,
1262 1041 1397 1078 melior
1425 1048 1481 1078 est
1510 1041 1577 1079 ho-

185 1111 313 1154 mine3
349 1108 469 1145 homo
501 1113 630 1143 autem
661 1105 771 1150 haee,
803 1117 901 1153 quae
933 1105 971 1141 in
1003 1104 1151 1142 mundo
1182 1112 1281 1151 sunt,
1315 1106 1467 1143 efficere
1498 1118 1605 1143 non*

185 1180 338 1224 potest3
377 1172 443 1220 qui
476 1171 601 1219 potuit
634 1169 757 1217 igitur,
791 1169 821 1206 is
855 1175 1022 1217 praestat
1055 1168 1228 1215 homini,
1268 1169 1414 1206 homini
1447 1177 1576 1206 autem
1598 1183 1628 1207 1⁵

185 1244 378 1287 praestare
409 1235 493 1283 quis
522 1234 643 1282 possit
671 1233 742 1269 nisi
762 1232 886 1269 deus?
915 1239 972 1269 est
992 1233 1104 1280 igitur
1130 1233 1250 1270 deus!
1310 1234 1422 1270 Haec
1448 1235 1580 1270 omnia

134 1315 168 1341 26
186 1303 224 1340 in
253 1300 407 1345 eodem,
437 1311 515 1347 quo
545 1298 606 1334 illa
638 1297 815 1341 Zenonis,
846 1308 971 1333 errore
999 1304 1208 1334 versantur.
1265 1297 1371 1345 Quid
1400 1298 1503 1334 enim
1532 1299 1579 1334 sit

185 1366 332 1410 melius,
354 1362 447 1412 quid
468 1361 742 1410 praestabilius,
763 1360 858 1408 quid
882 1361 979 1396 inter
998 1368 1173 1397 naturam
1193 1367 1231 1398 et
1254 1361 1442 1398 rationem
1463 1362 1576 1398 inter-

184 1431 243 1476 sit,
273 1441 352 1465 non
382 1425 635 1474 distinguitur.
694 1423 897 1471 Idemque,
919 1424 950 1461 si
979 1423 1043 1460 dei
1073 1436 1151 1460 non
1181 1425 1266 1469 sint,
1288 1431 1402 1472 negat
1431 1437 1514 1462 esse
1541 1425 1578 1462 in

185 1494 290 1531 omni
319 1498 453 1528 natura
477 1489 686 1538 quicquam
706 1488 864 1524 homine
885 1488 1046 1533 melius,
1077 1487 1116 1524 id
1137 1495 1266 1524 autem
1286 1495 1421 1536 putare
1442 1501 1574 1536 quem·
1595 1507 1628 1524 20
1686 1509 1689 1511 ·

184 1569 302 1606 quam
321 1555 533 1598 hominem,
554 1552 647 1589 nihil
667 1551 825 1588 homine
846 1562 930 1588 esse
955 1552 1102 1596 melius,
1124 1564 1298 1588 summae
1327 1551 1576 1600 adrogantiae

184 1627 319 1658 censet
338 1631 434 1656 esse.
492 1617 546 1654 Sit
569 1628 660 1652 sane
689 1614 910 1663 adrogantis
939 1615 1055 1663 pluris
1085 1627 1124 1652 se
1155 1622 1289 1663 putare
1319 1628 1437 1664 quam
1466 1629 1574 1653 mun-

184 1685 278 1723 dum
296 1697 305 1730 ;
335 1690 373 1720 at
393 1681 485 1719 illud
506 1692 585 1717 non
606 1679 726 1716 modo
752 1691 833 1716 non
859 1678 1091 1727 adrogantis,
1112 1678 1182 1715 sed
1207 1680 1334 1727 potius
1363 1679 1574 1728 prudentis,

184 1749 404 1796 intellegere
425 1757 465 1782 se
486 1744 627 1781 habere
648 1755 804 1779 sensum
824 1749 862 1779 et
884 1743 1084 1787 rationem,
1107 1741 1204 1779 haee
1228 1741 1368 1780 eadem
1389 1743 1575 1781 Orionem

184 1820 223 1850 et
243 1810 469 1850 Caniculam
490 1821 568 1845 nou
590 1808 742 1844 habere.
801 1807 875 1843 Et:
908 1808 917 1825 ‘
931 1806 969 1843 Si
994 1805 1132 1843 domus
1162 1806 1323 1854 pulchra
1351 1807 1408 1852 sit,
1430 1807 1574 1844 intelle·
1595 1823 1626 1846 2⁵

182 1888 316 1925 gamus
346 1886 431 1911 eam
461 1872 661 1916 dominis’,
689 1870 823 1918 inquit,
855 1869 1124 1907 ‘aedificatam
1154 1882 1250 1916 esse,
1270 1882 1350 1907 non
1380 1870 1549 1908 muribus
1565 1884 1576 1917 3

183 1941 238 1978 sic
267 1940 378 1988 igitur
408 1935 597 1974 mundum
627 1935 788 1971 deorum
816 1933 978 1971 domum
1006 1934 1221 1971 existimare
1245 1933 1460 1971 debemus.'
1517 1935 1577 1972 Ita

183 2016 336 2054 prorsus
367 2001 637 2044 existimarem,
659 1999 689 2036 si
717 1998 821 2035 illum
851 1997 1098 2035 aedificatum
1127 2010 1223 2043 esse,
1250 2010 1329 2035 non
1363 1998 1500 2047 (quem
1525 1997 1576 2036 ad

183 2067 346 2106 modum
366 2064 541 2112 docebo)
569 2076 590 2100 a
609 2070 744 2100 natura
763 2062 1046 2099 conformatum
1067 2069 1254 2110 putarem.

126 2123 171 2192 ¹27¹
237 2134 287 2169 At
307 2131 408 2168 enim
429 2128 577 2177 quaerit
603 2126 707 2175 apud
733 2126 1034 2174 Xenophontem
1063 2126 1250 2171 Socrates,
1271 2125 1375 2163 unde
1403 2127 1574 2163 animum
1593 2140 1626 2164 ³0

183 2195 463 2244 arripuerimus,
485 2193 515 2229 si
543 2191 668 2228 nullus
698 2191 810 2227 suerit
839 2190 877 2226 in
906 2189 1067 2227 mundo.
1126 2190 1175 2226 Et
1200 2202 1272 2237 ego
1292 2202 1448 2238 quaero,
1469 2189 1573 2226 unde

184 2260 410 2302 orationem,
437 2256 542 2293 unde
570 2266 764 2299 numeros,
791 2253 895 2290 unde
920 2260 1055 2290 cantus
1070 2266 1082 2300 3
1111 2253 1183 2289 nisi
1203 2265 1294 2290 vero
1320 2253 1425 2301 loqui
1452 2253 1573 2290 solem

184 2336 274 2360 cum
293 2323 383 2359 luna
411 2327 601 2370 putamus,
623 2331 712 2354 cum
736 2318 893 2366 propius
920 2317 1138 2362 accesserit,
1160 2324 1224 2353 aut
1250 2316 1301 2354 ad
1335 2317 1574 2354 harmoniam

186 2399 323 2425 cauere
354 2383 555 2428 mundum,
585 2389 626 2419 ut
656 2381 888 2429 Pythagoras
918 2381 1119 2417 existimat.
1178 2380 1347 2417 Naturae
1376 2380 1447 2417 ista
1474 2387 1572 2427 sunt,

185 2453 315 2497 Balbe,
345 2455 501 2486 naturae
529 2458 610 2484 non
638 2444 840 2482 artificiose
871 2444 1110 2490 ambulantis,
1140 2449 1182 2481 ut
1212 2443 1264 2481 ait
1293 2444 1410 2490 Zeno,
1446 2443 1574 2494 (quod
1591 2457 1623 2484 ³⁵
