1681 2752
59 564 74 589 5

53 890 85 906 10

54 1212 85 1237 ¹5

395 193 545 224 L113.11.
590 192 977 224 CAP.XXV111-xxx.
1024 193 1063 232 ξς
1085 193 1201 233 69-75.
1418 194 1489 222 101

100 301 229 333 autem
251 294 411 333 deorum
432 301 489 331 est
509 294 676 343 optimus
697 293 878 342 idemque
900 294 1131 330 castissimus
1160 300 1275 342 atque
1305 294 1494 331 sanctissi-

101 373 186 397 mus
219 360 538 408 plenissimusque
572 358 735 406 pietatis,
766 365 806 394 ut
837 370 904 395 eos
938 370 1091 406 semper
1124 370 1230 405 pura,
1262 358 1418 406 integra,
1441 359 1495 394 in-

100 431 280 472 corrupta
306 430 344 460 et
371 429 499 460 mente
527 429 564 459 et
592 434 688 458 voce
716 434 954 458 veneremur.
1014 422 1103 458 Non
1139 423 1242 458 enim
1277 423 1494 470 philosophi

101 490 236 535 solum,
266 501 397 526 verum
429 488 545 525 etiarn
578 488 739 524 maiores
771 487 887 524 nostri
919 488 1228 536 superstitionem
1262 500 1283 523 a
1314 488 1496 536 religione

101 559 381 602 separaverunt.
441 552 542 589 Nam
563 552 626 599 qui
649 558 750 588 totos
772 551 853 587 dies
879 551 1135 599 precabantur
1165 558 1202 588 et
1232 552 1494 596 immolabant,
1515 558 1546 583 72

101 625 142 654 ut
161 618 232 654 sibi
252 617 308 654 sui
329 617 434 654 liberi
465 616 686 664 superstites
711 622 851 661 essent,
873 616 1216 664 superstitiosi
1247 623 1335 652 sunt
1366 616 1496 664 appel-

101 681 176 727 lati,
197 681 303 729 quod
325 692 468 717 nomen
493 680 614 728 patuit
646 686 781 728 postea
811 679 945 726 latiu53
976 679 1042 727 qui
1073 686 1203 716 autem
1234 681 1376 725 omnia,
1398 692 1497 728 quae

101 745 151 782 ad
180 745 325 782 cultum
360 744 522 782 deorum
557 744 802 792 pertinerent,
824 743 1026 792 diligenter
1055 751 1303 781 retractarent
1334 752 1372 781 et
1402 752 1497 781 tam-

101 822 218 858 quam
248 809 471 858 relegerent,
506 815 594 845 sunt
627 808 721 844 dicti
754 808 974 856 religiosi
1014 820 1061 845 ex
1099 808 1319 857 relegendo,
1347 816 1388 846 ut
1422 809 1497 845 ele-

102 881 235 923 gantes
273 885 322 910 ex
360 872 550 922 eligendo,
586 884 633 909 ex
671 871 869 921 diligendo
908 872 1120 921 diligentes,
1153 885 1201 910 ex
1240 873 1498 922 intellegendo

102 938 377 987 intellegentes.
437 938 510 974 His
549 937 652 973 enirn
687 937 725 973 in
759 937 882 974 verbis
916 938 1095 974 omnibus
1130 937 1227 974 inest
1260 938 1314 974 vis
1345 937 1499 986 legendi

101 1002 254 1048 eadem,
275 1014 373 1050 quae
395 1002 433 1038 in
452 1002 641 1050 religioso.
701 1001 760 1038 Ita
788 1001 931 1038 factum
952 1008 1007 1038 est
1028 1002 1065 1038 in
1087 1002 1347 1050 superstitioso
1377 1009 1415 1038 et
1443 1014 1499 1038 re-

102 1066 238 1115 ligioso
271 1067 430 1104 alterum
463 1066 542 1102 vitii
574 1077 729 1110 nomen,
765 1065 925 1102 alterum
956 1065 1090 1102 laudis.
1149 1067 1205 1102 Ac
1241 1065 1334 1103 mihi
1367 1065 1501 1102 videor

102 1132 192 1168 satis
222 1137 260 1168 et
291 1143 375 1168 esse
406 1129 515 1176 deos,
544 1137 582 1166 et
611 1130 741 1178 quales
771 1137 910 1175 essent,
941 1129 1168 1167 ostendisse.

158 1196 379 1232 Proximum
408 1202 478 1240 est,
499 1201 540 1231 ut
559 1194 725 1231 doceam
745 1193 909 1230 deorum
938 1194 1180 1242 providentia
1209 1194 1399 1232 mundum
1430 1194 1497 1231 ad·
1510 1188 1559 1238 ἷζε)

103 1259 316 1297 ministrari.
374 1260 540 1307 Magnus
564 1270 655 1295 sane
687 1258 793 1295 locus
815 1265 873 1295 est
904 1265 942 1295 et
972 1271 995 1295 a
1014 1259 1156 1304 vestris,
1179 1259 1306 1303 Cotta,
1329 1266 1499 1304 vexatus,
1523 1232 1551 1258 ⁴3

53 1363 59 1367 ,
103 1336 149 1361 ac
181 1323 358 1360 nimirum
379 1324 579 1360 vobiscum
600 1335 716 1359 omne
749 1329 944 1359 certamen
975 1329 1043 1359 est.
1103 1323 1204 1359 Nam
1225 1323 1345 1369 vobis,
1365 1324 1499 1368 Vellei,

55 1532 88 1549 20

56 1857 88 1881 25

59 2181 91 2204 30

62 2499 92 2524 3⁵

104 1388 230 1425 minus
260 1393 396 1425 notum
430 1394 499 1433 est,
534 1399 650 1435 quem
685 1386 735 1423 ad
771 1386 932 1424 modum
966 1386 1137 1435 quidque
1171 1387 1344 1434 dicatur;
1378 1395 1503 1425 vestra

105 1453 208 1489 enim
228 1453 353 1490 solum
382 1452 516 1500 legitis,
537 1458 661 1488 vestra
689 1452 837 1497 amatis,
861 1459 1010 1488 ceteros
1039 1464 1156 1489 causa
1185 1452 1381 1500 incognita
1410 1465 1502 1489 con-

106 1516 308 1554 demnatis.
364 1516 479 1553 Velut
499 1522 577 1552 ate
599 1516 683 1564 ipso
713 1515 894 1552 hesterno
915 1515 978 1552 die
1006 1515 1154 1552 dictum
1186 1523 1243 1553 est
1273 1528 1389 1553 anum
1421 1517 1503 1554 fati-

105 1579 233 1617 dicam
254 1579 426 1628 πρόνοιαν
445 1592 468 1616 a
487 1580 622 1617 Stoicis
644 1579 787 1625 induci,
810 1579 849 1616 id
878 1586 936 1616 est
964 1579 1258 1628 providentiam.
1316 1581 1435 1628 Quod
1456 1593 1503 1618 eo

105 1656 230 1682 errore
262 1643 401 1690 dixisti,
434 1645 525 1692 quia
555 1644 761 1681 existumas
796 1644 844 1681 ab
879 1644 922 1681 iis
956 1644 1238 1693 providentiam
1272 1645 1363 1694 fingi
1397 1646 1503 1694 quasi

105 1708 300 1758 quandam
322 1708 437 1746 deam
456 1709 698 1757 singularem,
719 1720 818 1757 quae
847 1708 1037 1746 mundum
1066 1721 1222 1746 omnem
1254 1711 1441 1758 gubernet
1467 1717 1505 1747 et

105 1780 235 1822 regat3
265 1772 336 1810 sed
364 1772 405 1810 id
433 1773 606 1822 praecise
635 1772 786 1810 dicitur.
843 1774 908 1818 Ut,
931 1774 961 1810 si
981 1774 1065 1822 quis
1087 1773 1191 1811 dicat
1210 1774 1502 1811 Atheniensium
1523 1785 1555 1812 74

106 1850 187 1875 rem
219 1838 413 1886 publicam
449 1838 609 1875 consilio
643 1838 734 1886 regi,
770 1837 869 1875 desit
904 1837 996 1875 illud
1030 1839 1245 1887 ‘Areopagi
1261 1839 1282 1884 ',
1312 1839 1379 1884 sic,
1415 1851 1503 1875 cum

107 1901 270 1939 dicimus
312 1901 555 1951 providentia
598 1901 788 1939 mundum
835 1901 1102 1948 administrari,
1141 1902 1277 1940 deesse
1325 1903 1504 1940 arbitrato

108 1966 317 2003 ‘deorum'
333 1980 344 2013 3
373 1966 488 2015 plene
509 1973 639 2004 autem
660 1973 697 2004 et
725 1967 895 2016 perfecte
926 1967 980 2004 sic
1001 1967 1078 2004 dici
1108 1968 1348 2005 existimato:
1380 1968 1504 2016 provi-

107 2030 239 2068 dentia
271 2030 432 2068 deorum
470 2031 661 2069 mundum
695 2032 961 2069 administrari.
1021 2033 1081 2069 Ita
1111 2032 1230 2069 salem
1268 2032 1395 2079 istum,
1427 2045 1504 2081 quo

108 2102 211 2132 caret
240 2101 366 2133 vestra
394 2096 511 2142 natio,
542 2097 583 2133 in
616 2096 829 2134 inridendis
864 2097 975 2134 nobis
1010 2097 1170 2134 nolitote
1205 2109 1445 2142 consumere,
1467 2103 1506 2133 et

109 2160 314 2205 mehercle,
335 2160 365 2197 si
396 2172 458 2197 me
490 2160 665 2206 audiatis,
686 2173 735 2198 ne
769 2161 1020 2209 experiamini
1052 2161 1211 2209 quidem
1227 2175 1238 2208 3
1266 2173 1346 2198 non
1377 2160 1504 2206 decet,

109 2236 187 2261 non
219 2224 352 2261 datum
386 2231 455 2271 est,
475 2237 555 2262 non
588 2225 760 2274 potestis.
819 2226 905 2262 Nec
928 2237 1019 2263 vero
1059 2226 1134 2262 hoc
1168 2226 1215 2263 in·
1240 2231 1278 2262 te
1312 2226 1503 2270 convenit,

109 2301 228 2326 unum
266 2289 436 2326 moribus
470 2289 694 2326 domesticis
725 2302 770 2326 ac
804 2297 1021 2327 nostrorum
1056 2290 1258 2327 hominum
1292 2290 1504 2326 urbanitate

108 2353 293 2398 limatum,
314 2352 385 2389 sed
405 2365 494 2390 cum
515 2353 553 2390 in
577 2353 742 2402 reliquos
762 2360 918 2398 vestros,
940 2360 1021 2390 tum
1051 2354 1090 2390 in
1119 2366 1209 2390 eum
1241 2354 1418 2398 maxime,
1440 2353 1505 2401 qui

109 2417 181 2454 ista
218 2417 377 2465 peperit,
410 2416 610 2454 hominem
647 2417 728 2454 sine
762 2425 854 2464 arte,
889 2418 970 2454 sine
1009 2418 1152 2463 litteris,
1183 2418 1427 2455 insultantem
1466 2418 1504 2454 in

112 2492 260 2526 omnes,
281 2480 362 2518 sine
393 2481 572 2518 acumine
601 2481 692 2528 ullo,
713 2482 794 2519 sine
825 2482 1064 2528 auctoritate,
1089 2482 1170 2518 sine
1200 2482 1345 2530 lepore.
1403 2471 1564 2540 Dico37}
