1714 2807
180 169 233 207 88
615 174 678 206 DE
707 173 898 205 NATURA
931 171 1139 204 DEORUM.

178 279 366 327 biliorque
386 283 444 314 est
459 277 580 314 multo
601 276 652 313 ob
672 286 813 323 easque
838 286 972 311 causas
1001 273 1125 322 aptior
1153 271 1204 309 ad
1233 283 1366 309 sensus
1400 283 1573 309 commo-

177 342 326 380 vendos
347 354 464 390 quam
485 341 547 378 hic
568 347 698 377 noster
717 339 832 384 calor,
854 349 931 386 quo
952 338 1063 381 haee,
1086 348 1184 385 quae
1213 344 1305 373 nota
1334 336 1444 373 nobis
1473 343 1572 380 sunt,

127 414 159 441 31
179 408 390 445 retinentur
410 414 447 443 et
466 406 606 454 vigent.
665 403 885 441 Absurdum
909 402 1020 450 igitur
1039 408 1096 438 est
1117 401 1258 445 dicere,
1280 413 1370 437 curn
1399 400 1573 437 homines

134 473 402 520 -bestiaeque
438 471 514 507 hoc
549 469 673 506 calore
712 474 914 504 teneantur
951 473 989 502 et
1027 473 1230 514 propterea
1268 471 1492 501 moveantur
1529 475 1574 500 ac

179 537 356 581 sentiant,
378 534 568 572 mundum
589 545 672 570 esse
693 533 774 569 sine
796 543 923 576 sensu,
945 531 1009 578 qui
1039 530 1188 578 integro
1210 536 1246 565 et
1267 529 1385 565 libero
1412 535 1449 565 et
1478 539 1574 576 puro

178 601 399 649 eodemque
442 599 628 636 acerrimo
676 604 714 634 et
761 595 1012 633 mobilissimo
1059 593 1194 630 ardore
1241 600 1428 636 teneatur,
1466 603 1574 640 prae-

178 666 307 702 sertim
330 677 418 701 cum
441 664 470 701 is
491 663 616 708 ardor,
637 663 703 711 qui
723 668 781 699 est
801 660 948 705 mundi,
969 671 1048 696 non
1079 659 1245 709 agitatus
1269 658 1317 695 ab
1345 657 1419 694 alio
1448 667 1574 705 neque

178 736 337 766 externo
358 729 482 777 pulsu,
503 726 572 764 sed
594 739 662 775 per
692 738 732 763 se
763 726 844 774 ipse
874 737 919 761 ac
949 736 1017 760 sua
1046 730 1184 771 sponte
1206 729 1414 758 moveatur.
1474 721 1574 757 Nam

178 793 271 842 quid
301 799 429 841 potest
463 803 546 828 esse
581 789 729 827 mundo
757 789 955 834 valentius,
986 787 1091 836 qnod
1126 787 1241 835 pellat
1275 793 1389 834 atque
1423 792 1575 822 moveat

121 844 348 912 {Jcalorem
387 869 489 901 eum,
521 867 600 903 quo
638 855 699 892 ille
732 854 935 891 teneatur?
990 851 1202 889 Audiamus
1237 851 1340 887 6111111
1376 851 1574 887 Platonem
1596 866 1627 883 ιο

177 922 285 970 quasi
323 920 521 970 quendam
560 919 678 956 deum
716 918 1061 967 philosophorum3
1110 916 1172 952 cui
1210 915 1289 952 duo
1327 915 1454 963 placet
1491 927 1574 952 esse

177 993 316 1032 motus,
355 998 476 1023 unum
514 997 638 1029 suum,
673 983 833 1020 alterum
872 989 1084 1026 externum,
1116 993 1198 1017 esse
1232 986 1360 1016 autem
1399 979 1574 1025 divinius,

177 1050 283 1099 quod
322 1050 448 1098 ipsum
486 1061 534 1086 ex
571 1061 611 1085 se
650 1060 718 1085 sua
755 1054 894 1096 sponte
928 1053 1137 1089 moveatur,
1170 1057 1287 1093 quarn
1321 1043 1427 1092 quod
1464 1045 1575 1093 pulsu

177 1115 339 1163 agitetur
359 1115 496 1151 alieno.
555 1114 676 1150 Hunc
697 1118 825 1149 autem
847 1118 995 1148 motum
1026 1111 1063 1147 in
1084 1110 1173 1147 solis
1193 1109 1330 1146 animis
1350 1120 1432 1145 esse
1454 1109 1574 1157 ponit,
1596 1108 1599 1111 ”

177 1180 227 1216 ab
247 1179 381 1226 hisque
412 1178 645 1227 principium
674 1183 802 1213 motus
832 1188 916 1212 esse
946 1175 1107 1212 ductum
1137 1181 1257 1222 putat.
1315 1173 1573 1221 Quapropter,
1594 1191 1625 1215 ις,

177 1244 361 1292 quoniam
383 1255 429 1279 ex
451 1241 585 1279 mundi
615 1241 752 1278 ardore
782 1247 909 1277 motus
938 1240 1064 1276 omnis
1094 1239 1223 1283 oritur,
1244 1238 1274 1275 is
1305 1245 1434 1274 autem
1465 1237 1578 1274 ardor

175 1320 256 1344 non
285 1308 411 1344 alieno
440 1306 604 1355 inpulsu,
625 1304 695 1342 sed
724 1317 794 1342 sua
812 1311 951 1353 sponte
973 1310 1158 1349 movetur,
1179 1303 1329 1339 animus
1349 1302 1396 1339 sit
1415 1313 1575 1339 necesse

177 1378 233 1409 est
249 1386 259 1419 ς
290 1384 338 1408 ex
357 1384 435 1420 quo
456 1370 618 1407 efficitur
645 1370 883 1406 animantem
913 1380 997 1405 esse
1027 1367 1229 1404 mundum.
1286 1368 1413 1414 Atque
1433 1378 1482 1403 ex
1501 1366 1575 1403 hoc

177 1448 333 1485 quoque
356 1435 522 1483 intellegi
551 1434 691 1483 poterit
720 1433 759 1470 in
779 1446 827 1470 eo
849 1433 972 1470 inesse
1004 1431 1314 1480 intellegentiam,
1336 1430 1443 1479 quod
1471 1437 1575 1468 certe

177 1507 234 1537 est
254 1499 422 1536 mundus
442 1499 577 1536 melior
596 1511 713 1547 quam
742 1497 817 1534 ulla
846 1504 992 1534 natura.
1049 1497 1103 1534 Ut
1135 1496 1237 1532 enim
1269 1495 1372 1532 nulla
1402 1507 1487 1543 pars
1519 1502 1576 1532 est
1594 1514 1626 1531 20
1683 1494 1686 1497 ’

176 1565 348 1613 corporis
369 1564 499 1609 nostri,
521 1575 620 1611 quae
641 1575 721 1599 non
740 1561 897 1598 minoris
927 1561 984 1606 sit,
1006 1573 1122 1608 quam
1151 1567 1304 1597 nosmet
1333 1559 1403 1608 ipsi
1433 1572 1575 1604 sumus,

176 1629 230 1665 sic
262 1627 451 1665 mundum
481 1627 700 1664 universum
731 1626 846 1674 pluris
881 1637 964 1662 esse
998 1636 1158 1661 necesse
1192 1631 1249 1662 est
1279 1636 1394 1672 quam
1428 1631 1575 1672 partem

177 1694 343 1741 aliquam
364 1692 541 1729 universi.
601 1690 720 1738 Quod
741 1691 771 1726 si
792 1690 843 1726 ita
866 1696 935 1735 est,
956 1690 1108 1737 sapiens
1137 1689 1185 1726 sit
1216 1687 1383 1725 mundus
1415 1699 1575 1724 necesse

117 1763 147 1772 *
177 1764 246 1794 est.
304 1757 407 1794 Nam
427 1757 466 1793 ni
487 1756 539 1792 ita
558 1762 670 1800 esset,
692 1755 903 1799 hominem,
925 1754 990 1802 qui
1021 1760 1077 1790 est
1106 1752 1240 1790 mundi
1271 1765 1369 1801 pars,
1391 1753 1575 1800 quoniam

175 1822 331 1858 rationis
353 1828 408 1857 est
430 1821 634 1869 particeps,
657 1819 772 1867 pluris
803 1830 886 1854 esse
907 1830 1023 1866 quam
1055 1817 1242 1853 mundum
1273 1828 1430 1853 omnem
1461 1828 1574 1864 opor·
1594 1832 1624 1856 25

125 1897 158 1922 33
176 1893 283 1923 teret.
340 1887 467 1933 Atque
499 1885 625 1927 ctiam,
647 1884 675 1919 si
697 1895 719 1919 a
739 1883 869 1931 primis
899 1882 1165 1929 inchoatisque
1192 1881 1333 1917 naturis
1357 1879 1406 1917 ad
1426 1880 1576 1917 ultimas

176 1951 444 1999 perfectasque
482 1949 658 1985 volumus
707 1947 933 1996 procedere,
973 1946 1021 1983 ad
1061 1946 1222 1983 deorum
1270 1952 1443 1981 naturam
1490 1957 1574 1993 per-

176 2010 374 2051 veniamus
395 2025 555 2050 necesse
577 2020 644 2049 est.
705 2013 871 2049 Primum
893 2011 995 2048 enim
1026 2009 1363 2047 animadvertimus
1393 2021 1415 2045 a
1442 2016 1576 2045 natura

177 2080 351 2116 sustineri
381 2091 438 2123 ea,
461 2090 559 2126 quae
581 2078 784 2125 gignantur
814 2089 833 2113 c
864 2084 974 2121 terra,
996 2076 1134 2123 quibus
1164 2082 1298 2111 natura
1326 2074 1418 2110 1111111
1447 2074 1575 2111 tribuit

125 2156 156 2181 31
176 2144 350 2192 amplius,
373 2155 488 2191 quam
518 2149 558 2179 ut
588 2154 634 2178 ea
667 2141 807 2178 alendo
843 2148 958 2189 atque
993 2139 1172 2188 augendo
1203 2145 1380 2175 tueretur.
1440 2137 1574 2175 Bestiis
1593 2153 1626 2176 30

177 2216 305 2244 autem
326 2220 481 2244 sensum
503 2213 540 2243 et
561 2213 709 2243 motum
731 2205 839 2242 dedit
863 2212 901 2241 et
930 2217 1019 2241 cum
1040 2203 1211 2252 quodam
1241 2203 1414 2250 adpetitu
1443 2214 1573 2239 acces-

177 2285 261 2308 sum
291 2271 339 2308 ad
371 2284 430 2308 res
461 2271 654 2315 salutares,
683 2282 704 2306 a
735 2269 921 2318 pestiferis
955 2280 1148 2305 recessum
1165 2281 1175 2314 3
1206 2267 1280 2304 hoc
1315 2267 1460 2303 homini
1495 2279 1574 2302 am-

178 2337 286 2384 plius,
309 2336 415 2384 quod
447 2335 597 2372 addidit
628 2335 828 2379 rationem,
859 2346 936 2381 qua
966 2339 1186 2380 regerentur
1218 2331 1335 2367 animi
1367 2330 1573 2379 adpetitus,

121 2401 244 2448 13qui
283 2407 363 2436 tum
402 2400 693 2444 remitterentur,
732 2406 814 2435 tum
858 2397 1157 2434 continerentur.
1233 2395 1400 2442 Quartus
1446 2401 1574 2431 autern

177 2463 318 2513 gradus
348 2471 403 2500 est
435 2471 471 2500 et
501 2463 702 2500 altissimus
736 2474 882 2508 eorum,
903 2461 969 2510 qui
1002 2468 1136 2498 natura
1173 2460 1266 2498 boni
1304 2460 1574 2508 sapientesque
1593 2472 1625 2497 35
