1714 2807
137 703 170 727 45

81 1738 84 1741 .
132 1703 178 1737 18

139 1747 172 1771 46

140 2045 172 2071 47

187 128 244 179 46
625 136 689 167 DE
718 136 911 168 NATURA
942 136 1151 168 DEORUM.

188 240 313 276 tiones
343 238 530 276 habemus
546 252 556 285 ;
587 237 636 275 de
667 250 744 286 quo
778 244 908 275 autem
942 239 1116 275 omnium
1145 244 1280 274 natura
1309 237 1512 284 consentit,
1543 236 1582 274 id

187 316 321 340 verum
361 315 443 340 esse
483 314 643 340 necesse
684 309 765 349 est,
806 314 889 338 esse
929 303 1040 350 igitur
1074 302 1169 339 deos
1208 302 1475 339 confitendum
1513 307 1583 339 est.

190 368 309 416 Quod
331 368 514 415 quoniam
537 367 613 404 fere
635 374 786 403 constat
807 367 904 403 inter
923 367 1049 403 omnis
1070 379 1148 403 non
1169 366 1420 415 philosophos
1447 366 1583 411 solum,

189 432 258 469 sed
292 433 408 468 etiam
445 431 636 476 indoctos,
668 432 854 467 fateamur
888 439 1064 467 constare
1100 430 1191 467 illud
1226 431 1352 475 etiam,
1383 430 1482 466 hanc
1513 442 1585 467 nos

188 497 328 533 habere
368 497 445 532 sive
485 496 813 543 anticipationem,
849 502 890 532 ut
927 503 1014 531 ante
1050 495 1139 540 dixi,
1175 495 1251 531 sive
1290 495 1584 543 praenotionem

189 561 350 597 deorum
393 562 501 607 (sunt
540 561 643 596 enim
682 560 795 596 rebus
835 559 942 596 novis
982 572 1081 595 nova
1118 559 1302 607 ponenda
1339 559 1509 603 nomina,
1544 565 1585 595 ut

190 626 380 673 Epicurus
410 625 492 672 ipse
522 623 711 673 πρόληψιν
739 624 956 671 appellavit,
978 636 1094 671 quam
1121 630 1235 660 antea
1260 635 1378 660 nemo
1400 635 1447 659 eo
1468 623 1585 660 verbo

189 689 423 737 nominarat)
440 689 601 725 —hanc
623 688 734 736 igitur
755 688 954 733 habemus,
976 694 1016 723 ut
1037 687 1133 724 deos
1153 688 1287 724 beatos
1309 694 1346 724 et
1367 687 1585 723 inmortales

188 761 379 802 putemus.
450 753 560 800 Quae
601 752 705 788 enim
743 752 853 788 nobis
892 759 1026 788 natura
1067 752 1376 788 informationem
1415 752 1585 799 ipsorum

189 817 350 854 deorum
382 816 502 861 dedit,
534 816 672 853 eadem
704 816 903 864 insculpsit
932 816 970 852 in
1000 816 1204 860 mentibus,
1235 822 1275 852 ut
1309 828 1376 852 eos
1411 823 1586 852 aeternos

188 889 225 918 et
246 882 380 918 beatos
402 881 644 918 haberemus.
704 879 824 927 Quod
854 880 883 916 si
913 880 965 916 ita
995 887 1063 925 est,
1084 891 1172 916 vere
1205 880 1380 928 exposita
1410 880 1471 916 illa
1501 891 1586 916 sen-

189 947 307 983 tentia
339 952 395 982 est
427 945 476 982 ab
509 945 691 993 Epicuro,
713 943 821 993 quod
850 945 1008 981 beatum
1041 951 1316 992 aeternumque
1351 945 1410 990 sit,
1441 943 1480 981 id
1513 955 1587 981 nec

189 1011 329 1047 habere
352 1011 477 1058 ipsum
498 1010 642 1057 negotii
658 1009 868 1057 quicquam
888 1021 961 1045 nec
979 1009 1159 1045 exhibere
1175 1009 1293 1054 alteri,
1311 1009 1439 1057 itaque
1460 1020 1587 1057 neque

190 1076 242 1111 ira
262 1087 388 1122 neque
409 1074 529 1122 gratia
548 1073 682 1119 teneri,
704 1073 823 1121 quod,
845 1085 945 1121 quae
966 1073 1055 1110 talia
1078 1080 1218 1118 essent,
1240 1073 1430 1110 imbecilla
1460 1080 1588 1110 essent

189 1140 332 1176 omnia.
391 1139 426 1176 Si
448 1138 541 1175 nihil
564 1138 668 1175 aliud
688 1150 973 1185 quaereremus,
994 1138 1065 1174 nisi
1095 1146 1136 1174 ut
1156 1138 1251 1174 deos
1282 1138 1343 1186 pie
1374 1138 1588 1175 coleremus

189 1211 227 1240 ct
247 1211 288 1240 ut
308 1203 578 1251 superstitione
608 1203 867 1247 liberaremur,
889 1203 978 1239 satis
1009 1210 1087 1239 erat
1108 1202 1281 1249 dictum,
1312 1215 1401 1239 nam
1422 1209 1460 1240 et
1479 1214 1587 1251 prae-

189 1276 292 1304 stans
314 1267 476 1304 deorum
497 1274 632 1303 natura
656 1267 857 1303 hominum
879 1267 1021 1315 pietate
1044 1267 1243 1313 coleretur,
1266 1279 1355 1303 cum
1377 1273 1414 1304 et
1434 1275 1589 1304 aeterna

190 1339 290 1369 esset
311 1339 347 1368 et
374 1332 596 1368 beatissima
623 1331 758 1380 (habet
788 1332 890 1367 enim
913 1331 1200 1368 venerationem
1232 1330 1589 1379 iustam,·quicquid

190 1397 380 1444 excellit),
403 1403 441 1432 et
461 1403 586 1432 metus
615 1396 741 1432 omnis
771 1408 794 1432 a
816 1395 852 1432 vi
879 1402 994 1443 atque
1026 1396 1079 1432 ira
1108 1395 1270 1432 deorum
1302 1396 1432 1444 pulsus
1463 1402 1562 1432 esset
1577 1409 1587 1442 3

191 1461 420 1509 intellegitur
439 1461 543 1496 enim
572 1472 596 1496 a
623 1460 737 1497 beata
757 1460 1026 1508 inmortalique
1047 1467 1181 1496 natura
1201 1467 1239 1497 et
1260 1460 1353 1496 iram
1373 1466 1411 1496 et
1431 1460 1588 1508 gratiam

190 1525 403 1573 segregari,
443 1525 581 1573 quibus
615 1525 772 1560 remotis
802 1524 926 1561 nullos
956 1536 979 1560 a
1011 1525 1158 1572 superis
1192 1524 1418 1573 impendere
1452 1531 1587 1561 metus.

190 1590 266 1627 Sed
287 1589 336 1626 ad
366 1589 467 1625 hanc
487 1589 796 1626 confirmandam
817 1589 1043 1637 opinionem
1072 1590 1238 1636 anquirit
1268 1589 1417 1626 animus
1447 1595 1485 1626 et
1516 1589 1588 1626 for-

189 1667 294 1691 mam
315 1661 354 1690 et
371 1654 470 1690 vitae
492 1654 687 1690 actionem
708 1654 925 1700 mentisque
947 1653 1194 1701 agitationem
1216 1654 1254 1690 in
1275 1653 1364 1690 deo.

243 1720 300 1755 Ac
321 1718 370 1755 de
392 1718 514 1754 forma
533 1717 694 1766 quidem
714 1718 852 1766 partim
873 1724 1008 1754 natura
1028 1730 1098 1754 nos
1119 1717 1316 1763 admonet,
1338 1718 1473 1766 partim
1493 1719 1589 1755 ratio

191 1782 318 1819 docet.
365 1783 466 1819 Nam
488 1795 510 1818 a
530 1790 665 1818 natura
684 1782 872 1818 habemus
888 1794 1024 1818 omnes
1041 1783 1214 1818 omnium
1230 1783 1401 1831 gentium
1417 1783 1588 1831 speciem

190 1848 334 1884 nullam
355 1847 466 1883 aliam
496 1847 567 1883 nisi
597 1846 807 1882 humanam
829 1846 990 1882 deorum
1007 1860 1016 1892 ς
1048 1859 1146 1894 quac
1167 1847 1269 1883 enim
1291 1847 1412 1884 forma
1431 1847 1504 1884 alia
1523 1859 1588 1884 oc-

192 1912 307 1948 currit
337 1916 539 1958 umquam'
552 1917 617 1947 aut
636 1910 805 1958 vigilanti
834 1910 1014 1958 cuiquam
1046 1918 1110 1947 aut
1141 1910 1375 1948 dormienti?
1429 1911 1505 1949 Sed
1539 1923 1588 1948 ne

191 1976 322 2012 omnia
358 1981 588 2012 revocentur
620 1974 670 2011 ad
708 1975 851 2022 primas
882 1975 1084 2011 notiones:
1126 1976 1220 2012 ratio
1254 1975 1330 2012 hoc
1370 1975 1473 2012 idem
1507 1976 1590 2024 ipsa

192 2039 371 2076 declarat.
431 2040 532 2076 Nam
555 2051 644 2075 cum
674 2039 1054 2087 praestantissumam
1084 2046 1271 2084 naturam,
1291 2040 1350 2076 vel
1370 2040 1460 2088 quia
1478 2040 1591 2076 beata

192 2111 248 2141 est
263 2104 323 2140 vel
335 2104 426 2152 quia
445 2104 689 2152 sempiterna,
704 2103 911 2140 convenire
927 2103 1102 2140 videatur
1121 2103 1287 2140 eandem
1309 2115 1391 2140 esse
1412 2103 1587 2152 pulcher-

191 2169 338 2213 rimam,
361 2180 459 2216 quae
495 2168 726 2215 compositio
762 2168 1036 2212 membrorum,
1067 2180 1165 2215 quae
1198 2168 1451 2204 conformatio
1482 2168 1587 2204 linia-

192 2241 423 2277 mentorum,
455 2220 558 2279 quae
609 2232 739 2280 figura,
775 2244 874 2280 quae
922 2232 1072 2280 species
1121 2232 1288 2268 humana
1329 2238 1456 2280 potest
1505 2244 1588 2269 esse

192 2297 412 2345 pulchrior?
466 2297 545 2332 Vos
567 2295 738 2343 quidem,
762 2296 894 2341 Lucili,
917 2296 1046 2332 soletis
1074 2297 1181 2343 (nam
1204 2296 1320 2333 Cotta
1339 2308 1447 2333 meus
1468 2295 1588 2332 modo

192 2361 279 2406 hoc,
302 2360 420 2397 modo
443 2359 574 2407 illud),
597 2372 685 2396 cum
707 2360 910 2396 artificium
931 2359 1108 2408 effingitis
1129 2360 1388 2407 fabricamque
1406 2359 1586 2405 divinam,

1607 830 1638 847 10

1608 1155 1638 1179 ¹5

1607 1475 1640 1492 20

1607 1801 1639 1825 ²5

1607 2119 1640 2144 30

192 2437 308 2472 quam
329 2425 402 2461 sint
423 2425 554 2461 oznnia
575 2424 611 2460 in
634 2424 799 2461 hominis
823 2425 943 2473 figura
971 2436 1050 2461 non
1079 2423 1199 2461 modo
1231 2423 1280 2461 ad
1311 2437 1435 2467 usum,
1455 2436 1586 2461 verum
1606 2439 1637 2463 35
