1714 2807
153 195 232 237 150
581 195 645 227 DE
670 195 861 229 NATURA
893 195 1105 229 DEORUM.

146 298 176 334 si
197 305 253 334 est
273 297 380 342 deus,
397 304 544 346 patrem
565 309 721 346 quoque
743 299 823 335 eius
845 298 1008 336 Caelum
1029 311 1112 336 esse
1134 297 1253 336 deum
1273 299 1539 338 confitendum

147 370 215 398 est.
274 361 393 409 Quod
420 362 450 398 si
475 362 526 398 ita
549 369 617 406 est,
643 362 750 399 Caeli
779 375 934 411 quoque
965 371 1142 411 parentes
1173 362 1211 400 di
1242 363 1411 401 habendi
1440 371 1540 410 sunt,

144 426 288 463 Aether
316 434 353 463 et
386 427 490 471 Dies,
513 439 724 474 eorumque
755 427 886 464 fratres
916 434 953 464 et
983 439 1144 472 sorores,
1175 428 1240 475 qui
1270 440 1292 464 a
1320 429 1540 478 genealogis

144 491 308 538 antiquis
339 491 392 527 sic
424 491 682 532 nominantur,
712 493 844 536 Amor,
874 491 1008 533 Dolus,
1034 492 1174 536 Metus,
1199 492 1336 537 Labor,
1360 493 1539 530 Inviden-

144 555 206 598 tia,
233 555 380 599 Fatum,
402 555 600 599 Senectus,
625 556 742 600 Mors,
763 556 978 599 Tenebrae,
1002 556 1168 600 Miseria,
1187 556 1378 603 Querella,
1396 558 1537 603 Gratia,
1567 570 1582 596 s

146 619 273 663 Fraus,
316 619 540 664 Pertinacia,
582 620 735 663 Parcae,
778 619 1031 667 Hesperides,
1071 620 1240 665 Somnia,
1280 632 1376 668 quos
1415 622 1539 659 omnis

146 683 273 720 Erebo
303 690 341 719 et
372 684 498 720 Nocte
528 690 638 720 natos
670 683 805 720 ferunt.
863 685 939 720 Aut
974 684 1085 732 igitur
1119 684 1215 720 haec
1250 693 1419 721 monstra
1452 698 1537 734 pro—

87 733 273 801 ffbanda
302 754 388 783 sunt
418 754 480 784 aut
510 748 632 795 prima
666 748 726 784 illa
760 747 942 784 tollenda.
1000 747 1134 795 Quid?
1188 749 1419 796 Apollinem,
1448 750 1537 786 Vol-

86 1596 120 1622 46

83 2110 117 2137 47

143 824 295 857 canum,
325 812 574 856 Mercurium,
596 819 744 848 ceteros
774 812 870 848 deos
900 824 983 848 esse
1014 812 1133 856 dices,
1156 812 1205 849 de
1238 814 1421 857 Hercule,
1444 815 1536 850 Aes-

142 876 307 923 culapio,
346 876 497 920 Libero,
538 876 710 921 Castore,
754 877 908 913 Polluce
948 876 1159 913 dubitatis?
1214 878 1263 913 At
1301 877 1339 913 hi
1377 878 1537 926 quidem
1557 894 1588 911 10

143 941 320 977 coluntur
349 952 471 988 aeque
503 947 617 988 atque
650 941 711 985 illi,
744 940 849 988 apud
883 940 1074 988 quosdam
1106 941 1221 977 etiam
1254 942 1374 979 multo
1405 943 1537 991 magis.

144 1005 246 1053 Ergo
277 1005 314 1041 hi
344 1004 408 1041 dei
443 1012 530 1041 sunt
565 1004 734 1042 habendi
768 1006 992 1042 mortalibus
1027 1006 1104 1042 nati
1139 1006 1350 1043 matribus?
1405 1006 1539 1054 Quid?

141 1070 349 1114 Aristaeus,
380 1070 445 1117 qui
474 1069 596 1106 olivae
626 1069 765 1106 dicitur
794 1070 980 1115 inventor,
1010 1070 1196 1118 Apollinis
1225 1070 1333 1116 filius,
1363 1071 1538 1108 Theseus

142 1134 328 1182 Neptuni,
358 1134 504 1182 reliqui,
535 1146 699 1182 quorum
728 1142 854 1182 patres
885 1134 936 1179 di,
961 1146 1040 1171 non
1070 1142 1180 1171 erunt
1209 1135 1246 1171 in
1277 1134 1438 1172 deorum
1467 1148 1536 1173 nu-

140 1199 276 1236 mero?
320 1198 438 1246 Quid,
459 1211 622 1246 quorum
643 1199 811 1235 matres?
858 1199 1019 1247 Opinor,
1041 1200 1156 1235 etiam
1177 1200 1310 1248 magis.
1360 1201 1413 1238 Ut
1433 1201 1536 1238 enim
1558 1221 1586 1245 ις

141 1264 220 1300 iure
250 1264 362 1308 civili,
384 1264 449 1312 qui
480 1270 537 1300 est
566 1271 684 1300 matre
713 1264 841 1308 libera,
863 1264 959 1300 liber
978 1271 1046 1309 est,
1069 1265 1160 1301 item
1182 1265 1260 1301 iure
1282 1271 1450 1310 naturae,
1472 1267 1536 1314 qui

141 1327 217 1364 dea
245 1335 364 1364 matre
395 1334 464 1372 est,
486 1327 582 1364 deus
611 1328 657 1364 sit
687 1340 846 1364 necesse
877 1335 946 1365 est.
1005 1329 1140 1376 Itaque
1165 1328 1354 1366 Achillem
1374 1331 1536 1378 Astypa-

138 1393 311 1429 laeenses
341 1392 502 1429 insulani
532 1393 784 1429 sanctissume
814 1392 972 1438 colunt;
1012 1393 1076 1440 qui
1107 1394 1137 1430 si
1169 1392 1265 1430 deus
1295 1400 1363 1439 est,
1395 1388 1534 1432 et'Or-

137 1457 260 1505 pheus
288 1463 325 1494 et
352 1457 504 1493 Rhesus
529 1456 567 1493 di
588 1463 687 1501 sunt,
712 1457 825 1493 Musa
847 1464 966 1493 matre
987 1458 1078 1501 nati,
1101 1457 1171 1493 nisi
1193 1457 1288 1494 forte
1310 1459 1535 1495 maritumae

137 1522 295 1569 nuptiae
329 1521 487 1558 terrenis
521 1528 818 1569 anteponuntur.
876 1522 914 1558 Si
949 1521 987 1557 hi
1019 1521 1057 1558 di
1088 1533 1167 1558 non
1197 1529 1296 1567 sunt,
1327 1523 1417 1570 quia
1445 1535 1533 1559 nus-
1553 1540 1586 1558 20

139 1598 254 1634 quam
284 1586 473 1630 coluntur,
495 1597 572 1633 quo
604 1585 723 1622 modo
754 1585 802 1622 illi
829 1586 945 1622 sunt?
1000 1585 1099 1622 Vide
1123 1586 1244 1634 igitur,
1266 1598 1314 1623 ne
1335 1587 1534 1624 virtutibus

136 1651 337 1687 hominum
359 1651 418 1687 isti
439 1650 604 1687 honores
622 1650 844 1695 habeantur,
862 1662 940 1687 non
962 1651 1308 1688 immortalitatibus
1325 1665 1334 1697 ;
1365 1651 1471 1700 quod
1493 1659 1532 1689 tu

136 1727 305 1763 quoque,
340 1715 469 1760 Balbe,
500 1716 601 1752 visus
635 1727 675 1751 es
707 1714 850 1752 dicere.
909 1715 999 1762 Quo
1033 1715 1152 1753 modo
1184 1725 1315 1753 autem
1347 1724 1469 1765 potes,
1503 1717 1533 1753 si

137 1780 326 1816 Latonam
348 1779 462 1816 deam
483 1786 606 1827 putas,
631 1780 824 1816 Hecatam
844 1791 923 1816 non
945 1786 1090 1828 putare,
1114 1792 1213 1828 quae
1243 1788 1363 1817 matre
1385 1782 1534 1818 Asteria

135 1851 205 1889 est,
236 1856 365 1881 sorore
397 1844 595 1880 Latonae?
650 1845 708 1880 An
737 1843 833 1880 haec
854 1856 1011 1892 quoque
1036 1844 1111 1881 dea
1130 1846 1216 1881 est?
1243 1845 1408 1882 vidimus
1429 1846 1532 1882 enirn
1551 1865 1581 1890 25

136 1909 217 1945 eius
247 1921 328 1945 aras
359 1907 597 1955 delubraque
628 1908 665 1944 in
696 1909 871 1945 Graecia.
930 1909 994 1945 Sin
1025 1909 1121 1945 haec
1152 1908 1226 1945 (lea
1255 1916 1323 1953 est,
1355 1921 1422 1946 cur
1452 1921 1532 1946 non

137 1972 387 2017 Eumenides,
422 1984 582 2020 quarum
621 1980 659 2008 et
693 1972 853 2009 Athenis
893 1973 1023 2009 fanum
1063 1980 1120 2010 est
1158 1979 1196 2010 et
1234 1973 1338 2021 apud
1373 1985 1454 2018 nos,
1489 1980 1532 2011 ut

135 2049 208 2085 ego
238 2038 476 2085 interpretor,
498 2037 605 2074 lucus
638 2038 814 2082 Furinae,
835 2037 933 2074 deae
964 2043 1064 2082 sunt,
1092 2038 1377 2086 speculatrices,
1400 2038 1530 2084 credo,

136 2109 173 2138 et
205 2101 378 2138 vindices
413 2102 625 2138 facinorum
660 2109 697 2138 et
732 2102 899 2138 sceleris.
958 2101 1109 2149 Quodsi
1143 2101 1238 2139 tales
1269 2101 1333 2139 dei
1362 2109 1460 2147 sunt,
1491 2108 1532 2140 ut

134 2166 247 2203 rebus
277 2165 452 2202 humanis
481 2166 666 2209 intersint,
698 2166 814 2202 Natio
849 2178 1005 2213 quoque
1041 2165 1116 2202 dea
1144 2165 1316 2214 putanda
1354 2173 1423 2212 est,
1455 2167 1529 2212 cui,
1549 2185 1582 2209 30

135 2242 224 2266 cum
263 2230 350 2266 fana
389 2230 634 2266 circumimus
675 2230 711 2266 in
751 2242 842 2278 agro
877 2230 1044 2275 Ardeati,
1077 2242 1157 2266 rem
1197 2229 1365 2267 divinam
1404 2231 1529 2268 facere

135 2295 328 2340 solemus;
372 2306 470 2342 quae
510 2294 601 2341 quia
638 2301 767 2342 partus
808 2301 1067 2331 matronarum
1110 2301 1271 2339 tucatur,
1310 2306 1332 2331 a
1369 2306 1528 2331 nascen-

134 2359 234 2395 tibus
270 2358 386 2394 Natio
421 2358 619 2394 nominata
653 2365 721 2394 est.
780 2358 837 2394 Ea
870 2358 901 2394 si
934 2357 1009 2394 dea
1037 2365 1106 2401 est,
1136 2357 1175 2395 di
1205 2370 1341 2395 omnes
1370 2357 1434 2403 i‘lli,
1465 2358 1529 2406 qui

135 2421 540 2459 commemorabantur
567 2433 590 2458 a
618 2428 670 2465 te,
702 2422 855 2467 Honos,
880 2421 1006 2466 Fides,
1029 2423 1159 2461 Mens.
1183 2421 1417 2467 Concordia,
1438 2434 1529 2470 ergo

135 2486 250 2523 etiarn
288 2486 396 2534 Spes,
436 2486 600 2523 Moneta
645 2485 867 2535 omniaque,
909 2497 1008 2534 quae
1055 2486 1289 2534 cogitatione
1336 2486 1530 2524 nobismet
1547 2503 1578 2528 ³⁵
