1714 2807
148 162 206 203 94
586 159 648 191 DE
678 160 869 192 NATURA
900 159 1112 192 DEORUM.

149 261 337 307 omnium,
351 273 450 310 quae
467 267 565 298 terra
577 261 747 309 marique
763 261 980 309 gignuntur,
995 262 1099 298 initia
1111 274 1328 311 causaeque
1341 262 1545 303 ducuntur.

97 337 132 363 50
151 327 234 364 Iam
254 326 343 363 solis
362 338 511 363 annuos
532 338 663 362 cursus
684 326 814 374 spatiis
836 327 1038 363 menstruis
1059 327 1147 363 luna
1162 329 1421 376 consequitur,
1439 330 1546 367 cuius

149 391 415 427 tenuissimum
437 390 566 426 lumen
588 389 678 426 facit
698 390 894 437 proximus
914 402 1093 427 accessus
1121 390 1170 427 ad
1201 391 1334 436 solem,
1355 392 1546 441 digressus

149 462 277 491 autem
312 454 555 502 longissimus
586 454 749 501 quisque
788 453 1064 502 plenissimum.
1123 455 1263 503 Neque
1302 456 1426 492 solum
1465 457 1546 494 eius

148 518 299 567 species
332 530 378 554 ac
411 518 535 554 forma
568 524 736 554 mutatur
770 524 850 554 tum
889 518 1117 563 crescendo,
1147 525 1228 556 tum
1263 518 1477 557 defectibus
1508 520 1546 557 in

148 583 254 619 initia
273 581 519 627 recurrendo,
542 580 612 618 sed
641 581 757 618 etiarn
777 582 895 629 regio,
916 593 1014 629 quae
1043 589 1125 619 turn
1155 590 1211 619 est
1239 583 1444 631 aquilonia,
1465 591 1547 621 tum

147 646 331 683 australis.
387 646 483 682 Inde
503 645 541 682 in
570 645 681 682 lunae
703 657 858 693 quoque
888 657 1000 682 cursu
1027 653 1084 682 est
1111 653 1149 682 et
1175 646 1332 683 brumae
1353 647 1546 695 quaedam

148 718 185 747 et
206 710 352 747 solstitii
373 709 595 755 similitudo,
616 709 813 757 multaque
843 709 891 746 ab
923 721 969 745 ea
1000 717 1155 746 manant
1186 718 1224 747 et
1255 710 1386 756 fluunt,
1408 712 1547 759 quibus

148 782 185 811 et
205 775 418 811 animantes
438 774 585 810 alantur
604 780 890 821 augescantque
911 780 948 809 et
968 773 1182 821 pubescant
1211 775 1546 824 maturitatemque

90 829 421 898 {patlsequantun
456 849 554 885 quae
588 838 759 874 oriuntur
791 848 812 873 e
849 843 960 873 terra.
1019 837 1203 874 Maxume
1237 850 1326 875 vero
1359 845 1447 875 sunt
1479 839 1545 875 ad-

149 903 337 940 mirabiles
366 910 492 939 motus
524 914 656 938 earum
684 902 855 949 quinque
886 901 1089 947 stellarum,
1111 913 1210 949 quae
1242 902 1333 939 salso
1362 910 1547 940 vocantur

147 975 326 1004 errantes.
384 966 491 1003 Nihil
519 966 622 1002 enim
643 972 752 1010 errat,
773 964 880 1013 quod
900 965 939 1001 in
958 965 1065 1001 omni
1095 966 1317 1003 aeternitate
1347 974 1546 1004 conservat

147 1043 368 1080 progressus
398 1037 436 1067 et
463 1041 655 1078 regressus
686 1029 930 1077 reliquosque
962 1036 1089 1066 motus
1121 1030 1331 1067 constantis
1363 1037 1400 1067 et
1430 1038 1544 1068 ratos.

148 1095 268 1143 Quod
289 1106 336 1132 eo
357 1101 414 1131 est
433 1093 691 1131 admirabilius
716 1093 754 1130 in
784 1093 840 1130 his
872 1093 998 1138 stellis,
1021 1105 1116 1141 quas
1147 1093 1323 1139 dicimus,
1345 1094 1435 1142 quia
1464 1101 1546 1132 turn
1602 1109 1605 1111 ’

147 1159 400 1203 occultantur,
422 1165 504 1195 tum
532 1170 657 1194 rursus
689 1157 919 1206 aperiuntur,
942 1164 1023 1194 tum
1056 1156 1212 1203 adeunt,
1233 1164 1314 1194 tum
1345 1158 1545 1205 recedunt,

148 1230 229 1260 tum
249 1221 497 1267 antecedunt,
518 1229 599 1258 tum
620 1229 749 1258 autem
770 1221 1065 1269 subsequuntur,
1088 1229 1169 1258 tum
1199 1221 1359 1258 celerius
1388 1235 1545 1260 moven-

147 1294 219 1333 tur,
253 1294 335 1324 tum
369 1285 524 1331 tardius,
556 1293 637 1322 tum
667 1286 827 1323 omnino
865 1298 914 1322 ne
949 1293 1151 1323 moventur
1185 1286 1356 1334 quidem,
1389 1287 1458 1324 sed
1496 1287 1547 1326 ad

149 1350 348 1400 quoddam
369 1357 521 1398 ternpus
542 1350 729 1387 insistunt.
787 1350 959 1397 Quarum
989 1362 1037 1387 ex
1067 1350 1281 1399 disparibus
1311 1352 1546 1390 motionibus

149 1427 331 1464 magnum
362 1426 508 1451 annum
542 1414 802 1450 mathematici
831 1414 1135 1460 nominaverunt,
1164 1416 1229 1464 qui
1261 1423 1342 1452 tum
1373 1416 1545 1462 efficitur,

149 1492 238 1516 curn
268 1479 357 1516 solis
387 1485 425 1515 et
452 1478 564 1515 lunae
594 1485 632 1514 et
652 1478 823 1526 quinque
855 1479 1058 1515 errantium
1093 1479 1144 1516 ad
1177 1479 1341 1516 eandem
1377 1480 1474 1517 inter
1505 1492 1546 1518 se

149 1543 480 1592 comparationem
518 1543 705 1580 confectis
743 1542 916 1579 omniurn
950 1543 1079 1591 spatiis
1113 1550 1170 1581 est
1204 1544 1304 1581 facta
1333 1545 1546 1582 conversio.

99 1620 131 1645 52
151 1608 261 1656 Quae
286 1619 403 1655 quam
431 1607 547 1655 longa
574 1607 632 1651 sit,
656 1619 793 1655 magna
813 1607 987 1655 quaestio
1018 1614 1086 1653 est,
1108 1619 1192 1644 esse
1213 1620 1303 1645 vero
1333 1616 1479 1646 certam
1509 1615 1548 1646 et

150 1672 350 1709 definitam
387 1683 547 1708 necesse
586 1679 655 1708 est.
714 1671 815 1707 Nam
853 1682 911 1717 ea,
940 1683 1039 1719 quae
1078 1672 1226 1709 Saturni
1264 1673 1372 1709 stella
1409 1672 1549 1710 dicitur

149 1735 365 1783 spalvquue
395 1747 418 1772 a
446 1735 604 1773 Graecis
635 1735 863 1781 nominatur,
885 1747 983 1783 quae
1010 1748 1033 1772 a
1062 1742 1162 1773 terra
1191 1736 1300 1774 abest
1329 1737 1547 1785 plurimum,

149 1811 235 1837 xxx
265 1800 342 1836 fere
369 1800 478 1836 annis
499 1812 652 1836 cursum
673 1812 786 1836 suum
807 1800 976 1845 conficit,
998 1800 1036 1836 in
1058 1812 1136 1848 quo
1156 1812 1268 1838 cursu
1298 1801 1417 1838 multa
1436 1801 1544 1838 mira-

151 1864 274 1901 biliter
299 1863 470 1900 efficiens
499 1870 580 1900 tum
609 1863 895 1909 antecedendo,
917 1871 998 1900 turn
1027 1863 1271 1909 retardando,
1293 1870 1373 1901 tum
1394 1877 1546 1913 vesper-

151 1929 238 1965 tinis
271 1928 508 1976 temporibus
542 1927 809 1973 delitiscendo,
830 1934 914 1965 turn
947 1928 1140 1965 matutinis
1170 1941 1318 1965 rursum
1351 1940 1392 1966 se
1427 1929 1546 1977 aperi-

152 1991 267 2037 endo,
288 1992 380 2028 nihil
401 1993 563 2028 inmutat
583 1992 824 2040 sempiternis
844 1992 1057 2029 saeclorum
1077 1992 1275 2037 aetatibus,
1297 1993 1391 2041 qui'n
1409 1992 1548 2030 eadem

152 2056 274 2093 isdem
309 2056 547 2104 temporibus
577 2055 730 2092 efficiat.
788 2056 891 2093 Infra
920 2063 1049 2093 autem
1080 2055 1179 2093 hanc
1209 2057 1368 2104 propius
1398 2069 1422 2094 a
1450 2063 1550 2094 terra

153 2120 254 2158 Iovis
275 2120 383 2157 stella
402 2120 528 2166 fertur,
549 2131 648 2168 quae
668 2119 816 2156 Φαέθων
836 2119 985 2166 dicitur,
1007 2131 1129 2168 eaque
1158 2120 1326 2157 eundern
1347 2132 1401 2158 ΧΠ
1421 2121 1546 2169 signo-

152 2197 236 2221 rum
267 2184 401 2221 orbem
432 2185 540 2221 annis
570 2195 625 2221 xil
659 2183 817 2220 conficit
847 2183 1094 2232 easdemque,
1116 2196 1211 2232 quas
1245 2185 1394 2222 Saturni
1428 2185 1547 2230 stella,

102 2259 135 2285 53
154 2248 271 2285 efficit
302 2248 340 2285 in
371 2260 483 2285 cursu
514 2248 724 2284 varietates.
784 2248 889 2284 Huic
920 2255 1049 2284 autem
1080 2249 1297 2296 proximum
1332 2249 1548 2286 inferiorem

153 2313 287 2350 orbem
307 2319 413 2349 tenet
434 2312 597 2360 Πυρόεις,
618 2324 716 2360 quae
746 2312 852 2349 stella
882 2312 1015 2349 Martis
1045 2313 1266 2360 appellatur,
1288 2324 1410 2360 eaque
1437 2324 1490 2349 1111
1510 2319 1548 2349 et

153 2387 209 2413 xx
228 2376 423 2414 mensibus
442 2387 492 2421 νῐ,
514 2383 556 2413 ut
575 2377 723 2424 opinor,
745 2376 880 2413 diebus
900 2377 1025 2413 minus
1054 2376 1222 2413 eundem
1252 2377 1382 2413 lustrat
1401 2377 1547 2421 orbem,

1566 853 1598 871 10

1566 1174 1596 1198 ¹5

1566 1814 1598 1839 25

1567 2134 1600 2158 30

154 2451 273 2489 quern
293 2440 393 2478 duae
414 2440 639 2489 superiores.
698 2440 801 2477 Infra
828 2440 927 2477 hanc
956 2447 1085 2477 autem
1116 2440 1223 2477 stella
1253 2440 1435 2477 Mercurii
1465 2446 1546 2487 est;
1566 2454 1598 2479 3⁵
