1681 2752
76 873 108 890 10

77 1191 108 1215 ¹5

75 1510 109 1527 20

76 1833 107 1857 ²5

75 2157 108 2180 30

77 2475 107 2499 35

459 176 545 206 Lm.
571 175 616 206 11.
662 173 981 206 cmxvn-xlx.
1029 174 1067 214 §5
1085 182 1203 215 45-49.
1475 174 1528 216 93

128 276 238 326 quod
268 276 359 314 mihi
386 282 516 314 tamen
545 276 672 325 ipsum
701 287 779 312 non
799 275 973 321 videtur;
1003 274 1097 322 quid
1129 275 1232 310 enirn
1265 273 1458 321 pulchrius
1486 286 1533 310 ea

128 341 258 390 figura,
286 352 384 389 quae
414 341 495 378 sola
523 341 648 377 omnis
677 340 768 376 alias
800 340 937 387 figuras
969 339 1174 387 complexa
1205 339 1390 382 continet,
1413 350 1531 386 quae-

127 416 202 453 que
223 405 315 442 nihil
334 404 546 453 asperitatis
567 404 720 448 habere,
738 403 831 440 nihil
851 403 1073 440 offensionis
1095 408 1234 450 potest,
1253 402 1346 438 nihil
1368 403 1530 439 incisum

126 469 284 518 angulis,
298 469 390 506 nihil
404 469 647 513 anfractibus,
662 468 753 504 nihil
769 468 955 512 eminens,
972 467 1066 503 nihil
1086 467 1342 502 lacunosum?
1362 479 1529 515 cumque

127 533 226 570 duae
248 533 393 570 formae
414 539 651 581 praestantes
671 532 756 577 sint,
775 543 822 568 ex
841 530 972 568 solidis
988 531 1123 578 globus
1147 531 1220 578 (sic
1242 531 1345 567 enim
1365 532 1531 579 σφαῖραν

126 597 362 645 interpretari
378 597 542 645 placet),
560 608 608 633 ex
627 596 750 644 planis
771 602 900 632 autern
922 595 1085 631 circulus
1107 602 1170 631 aut
1187 595 1300 640 orbis,
1315 595 1381 643 qui
1397 595 1530 633 κύκλος

126 662 276 699 Graece
297 659 446 705 dicitur,
468 660 525 697 his
545 659 695 697 duabus
715 659 844 696 formis
864 659 1053 707 contingit
1073 659 1173 704 solis,
1187 666 1227 695 ut
1247 671 1382 696 omnes
1399 671 1529 695 earum

124 732 250 774 partes
270 725 344 761 sint
365 725 462 761 inter
480 736 521 761 se
548 724 773 761 simillumae
790 735 813 760 a
825 722 1034 770 medioque
1050 723 1277 759 tantundem
1294 723 1391 759 absit
1407 731 1529 759 extre-

125 801 244 834 mum,
261 800 339 837 quo
359 788 452 825 nihil
470 788 552 824 fieri
571 794 699 836 potest
718 787 856 835 aptius.
911 787 988 824 Sed
1008 788 1038 824 si
1059 787 1155 824 haec
1175 799 1253 824 non
1273 786 1422 831 videtis,
1440 788 1528 835 quia
1546 795 1580 819 48

125 865 338 901 numquam
355 852 547 889 eruditum
564 852 668 888 illum
684 852 881 900 pulverem
901 852 1085 900 attigistis,
1102 864 1150 888 ne
1167 852 1243 888 hoc
1259 851 1416 899 quidem
1433 851 1530 899 phy-

126 918 195 955 sici
215 917 433 966 intellegere
453 917 641 965 potuistis,
657 916 756 952 hanc
775 916 1086 964 aequabilitatem
1106 923 1233 952 motus
1254 916 1530 952 constantiam-

126 993 201 1030 que
231 981 410 1018 ordinum
439 981 477 1017 in
497 981 570 1016 alia
589 980 710 1028 figura
738 992 817 1017 non
847 981 1017 1028 potuisse
1048 981 1212 1017 servari?
1269 981 1404 1027 Itaque
1435 979 1530 1016 nihil

125 1054 254 1095 potest
283 1058 366 1083 esse
395 1045 601 1089 indoctius,
622 1057 738 1092 quam
759 1044 865 1092 quod
893 1056 916 1081 a
934 1045 1042 1081 vobis
1062 1043 1254 1080 adfirmari
1275 1043 1382 1080 solet.
1441 1044 1532 1080 Nec

126 1112 229 1148 enirn
258 1110 362 1147 hune
395 1110 522 1158 ipsum
554 1108 743 1145 mundum
775 1121 845 1156 pro
877 1115 983 1145 certo
1013 1107 1223 1145 rotundum
1257 1119 1340 1144 esse
1375 1107 1500 1144 dicitis
1516 1121 1532 1153 ;

126 1187 215 1212 narn
235 1186 349 1223 posse
370 1174 463 1218 fieri,
482 1180 524 1210 ut
544 1173 591 1209 sit
612 1173 683 1209 alia
703 1173 834 1220 figura,
852 1172 1225 1220 innumerabilesque
1246 1171 1414 1208 mundos
1434 1172 1530 1208 alios

126 1240 282 1276 aliarum
314 1250 397 1275 esse
428 1238 648 1274 formarum.
707 1237 831 1284 Quae,
859 1237 902 1282 si,
931 1237 990 1274 bis
1019 1236 1112 1273 bina
1142 1243 1237 1284 quot
1266 1244 1405 1280 essent,
1427 1235 1524 1272 didi-
1544 1244 1579 1269 49

126 1304 240 1340 cisset
271 1303 473 1351 Epicurus,
505 1309 608 1338 certe
641 1313 720 1338 non
754 1301 926 1346 diceret;
966 1299 1036 1337 sed
1067 1300 1161 1336 dum
1192 1300 1334 1348 palato,
1355 1299 1448 1348 quid
1480 1301 1527 1336 sit

126 1368 328 1416 optimum,
358 1366 514 1411 iudicat,
547 1366 695 1402 ‘caeli
728 1366 976 1413 palatum',
1005 1372 1047 1401 ut
1075 1365 1126 1400 ait
1157 1365 1317 1409 Ennius,
1339 1376 1418 1400 non
1448 1376 1525 1400 sus-

125 1432 244 1480 pexit.
304 1432 407 1468 Nam
440 1443 530 1467 cum
564 1429 644 1467 duo
677 1430 751 1466 sint
783 1441 926 1478 genera
958 1428 1139 1473 siderum,
1165 1441 1328 1476 quorum
1363 1428 1521 1464 alterum
1535 1429 1583 1463 19

126 1496 256 1544 spatiis
289 1495 573 1532 inmutabilibus
608 1494 657 1531 ab
691 1501 775 1531 ortu
809 1493 859 1530 ad
897 1505 1081 1530 occasum
1115 1505 1342 1529 commeans
1379 1492 1525 1528 nullum

126 1572 311 1608 umquam
331 1572 462 1596 cursus
483 1560 540 1596 sui
559 1559 763 1606 vestigium
793 1558 973 1602 inflectat,
995 1558 1155 1594 alterum
1171 1564 1301 1593 autem
1322 1557 1524 1593 continuas

127 1625 398 1661 conversiones
418 1623 514 1660 duas
541 1622 666 1660 isdem
697 1623 826 1670 spatiis
856 1622 1104 1669 cursibusque
1135 1621 1327 1665 conficiat,
1350 1632 1398 1657 ex
1426 1629 1525 1656 utra-

126 1700 202 1737 que
221 1700 261 1725 re
282 1695 319 1725 et
340 1688 475 1725 mundi
493 1688 720 1732 volubilitas,
742 1698 841 1734 quae
862 1687 934 1722 nisi
962 1687 1002 1722 in
1021 1686 1182 1734 globosa
1200 1686 1323 1722 forma
1343 1697 1426 1721 esse
1446 1697 1525 1721 non

125 1759 268 1801 posset,
289 1759 328 1789 et
347 1753 539 1790 stellarum
562 1751 718 1788 rotundi
749 1751 913 1788 ambitus
943 1756 1241 1798 cognoscuntur.
1301 1750 1524 1796 Primusque

125 1818 194 1863 sol,
215 1817 280 1866 qui
299 1824 486 1854 astrorum
506 1822 612 1853 tenet
635 1815 906 1864 principatum,
927 1815 980 1851 ita
1007 1821 1194 1859 movetur,
1215 1821 1267 1859 ut,
1289 1826 1379 1850 cum
1407 1821 1524 1850 terras

124 1882 228 1931 larga
246 1882 332 1919 luce
353 1881 615 1930 compleverit,
638 1880 797 1917 easdem
821 1879 942 1916 modo
964 1879 1034 1925 his,
1056 1879 1177 1916 modo
1197 1879 1266 1915 illis
1287 1891 1334 1915 ex
1353 1879 1523 1927 partibus

125 1953 266 1995 opacet
281 1960 291 1994 3
320 1946 404 1995 ipsa
432 1947 535 1982 enim
565 1945 702 1982 umbra
731 1951 852 1982 terrae
885 1945 955 1981 soli
986 1944 1160 1981 officiens
1192 1950 1350 1980 noctem
1382 1943 1497 1979 efficit
1512 1956 1522 1989 ;

124 2019 402 2048 nocturnorum
439 2018 569 2047 autem
608 2010 819 2059 spatiorum
857 2009 996 2046 eadem
1036 2015 1093 2046 est
1130 2008 1390 2056 aequabilitas,
1425 2019 1523 2054 quae

126 2075 374 2121 diumorum3
405 2075 658 2123 eiusdemque
688 2075 776 2112 solis
805 2080 888 2111 turn
910 2086 1089 2110 accessus
1118 2073 1275 2117 modici,
1296 2079 1378 2108 tum
1398 2083 1523 2108 reces-

126 2152 188 2177 sus
217 2146 255 2176 et
283 2140 428 2188 frigoris
459 2147 496 2176 et
527 2140 662 2176 caloris
697 2138 858 2176 modum
892 2145 1110 2187 temperant
1125 2152 1135 2184 ;
1166 2137 1386 2173 circumitus
1421 2136 1524 2172 enim

125 2204 214 2241 solis
234 2204 384 2241 orbium
403 2215 428 2240 v
448 2211 486 2241 et
506 2216 557 2241 Lx
577 2211 614 2241 et
634 2215 707 2241 ccc
727 2211 860 2252 quarta
879 2203 957 2240 fere
977 2203 1054 2240 diei
1084 2209 1191 2251 parte
1212 2200 1345 2238 addita
1364 2212 1523 2236 conver-

126 2269 275 2305 sionem
295 2268 507 2305 conficiunt
526 2280 706 2313 annuam,
727 2267 928 2304 inflectens
952 2274 1080 2304 autem
1111 2267 1167 2304 sol
1197 2278 1351 2302 cursum
1372 2271 1453 2300 tum
1474 2263 1523 2300 ad

126 2333 417 2381 septentriones,
447 2340 530 2369 turn
567 2332 616 2369 ad
652 2331 853 2369 meridiem
887 2338 1050 2368 aestates
1084 2338 1121 2367 et
1155 2331 1302 2367 hiemes
1337 2329 1454 2365 efficit
1487 2336 1525 2364 et

126 2409 172 2433 ea
200 2396 279 2433 duo
308 2403 494 2445 tempora,
524 2408 688 2444 quorum
717 2396 876 2432 alterum
905 2395 1023 2432 hiemi
1052 2395 1270 2432 senescenti
1297 2393 1524 2430 adiunctum

127 2467 195 2506 est,
225 2460 384 2497 alterum
417 2460 563 2497 aestati.
621 2461 681 2497 Ita
713 2471 761 2497 ex
790 2466 970 2508 quattuor
999 2466 1217 2507 temporum
1249 2457 1524 2494 mutationibus
