1681 2752
506 168 592 199 LIB.
611 168 656 199 11.
703 168 783 198 cn.
801 168 952 198 V11-1x.
1003 169 1176 209 §518-23.
1484 165 1532 214 85

141 271 322 310 orationis
342 270 498 308 flumine
518 270 753 318 reprensoris
775 270 950 306 convicia
969 269 1176 315 diluuntur,
1208 274 1379 320 angustia
1408 281 1535 311 autem

141 337 345 373 conclusae
365 335 546 372 orationis
566 346 646 371 non
665 333 775 370 facile
795 345 835 370 se
857 334 939 382 ipsa
957 341 1111 371 tutatur.
1170 336 1282 372 Haec
1303 338 1417 381 enim,
1440 351 1536 386 quac

140 399 344 437 dilatantur
391 411 413 435 a
459 399 581 443 nobis,
624 399 729 435 Zeno
772 398 826 434 sic
869 399 1092 446 premebat:
1139 399 1305 446 ‘Quod
1348 403 1536 438 ratione

140 464 310 509 utitur,
341 463 387 500 id
426 463 593 499 melius
623 469 694 499 est
723 474 872 510 quam
909 461 981 507 id,
1013 462 1151 510 quod
1188 464 1397 501 ratione
1439 478 1536 503 non

98 528 332 574 sutitur3
389 527 525 563 nihil
579 533 751 563 autem
809 526 1001 563 mundo
1058 527 1273 573 melius3
1329 530 1536 567 ratione

140 592 304 640 igitur
332 591 553 628 mundus
582 591 788 627 utitur!
846 591 1024 627 Similiter
1047 591 1147 628 effici
1172 600 1299 640 potest
1323 594 1536 641 sapientem

140 668 223 693 esse
261 654 464 701 mundum,
503 655 673 692 similiter
715 655 884 700 beatum,
934 656 1104 692 similiter
1140 663 1364 703 aeternum;
1407 659 1537 695 omnia

101 760 104 764 ,
140 720 245 757 enim
273 719 370 757 haec
398 720 557 757 meliora
586 727 672 756 sunt
702 731 818 767 quam
848 731 905 765 ea,
935 731 1034 767 quae
1064 727 1153 756 sunt
1181 720 1225 757 iis
1255 722 1434 768 carentia,
1462 735 1535 759 nec

139 784 287 822 mundo
326 785 534 833 quicquam
574 784 735 830 melius;
783 795 832 820 ex
869 795 947 831 quo
985 784 1169 820 efficietur
1216 796 1299 821 esse
1346 786 1535 823 mundum

91 848 272 886 zodeum.
329 848 520 896 Idemque
547 848 622 885 hoc
652 847 797 885 modo:
830 848 1066 885 ‘Nullius
1106 861 1262 886 sensu
1298 852 1534 888 carentis
1553 859 1585 882 Ἠ

141 925 259 962 pars
289 913 469 961 aliqua
496 919 677 961 potest
707 924 822 949 esse
852 913 1122 959 sentiens;
1155 914 1334 950 mundi
1363 922 1534 952 autem

140 986 320 1028 partes
349 978 653 1015 sentientes
692 983 837 1023 sunt;
876 989 977 1013 non
1006 977 1171 1025 igitur
1200 985 1346 1015 caret
1379 991 1534 1017 sensu

140 1042 397 1080 mundus.’
467 1042 592 1090 Pergit
635 1041 739 1078 idem
783 1048 821 1078 et
871 1048 1007 1088 urguet
1052 1043 1272 1089 angustius:
1328 1043 1533 1090 ‘Niliil',

140 1108 274 1156 inquit,
327 1106 489 1155 ‘quod
540 1106 700 1142 animi
740 1104 990 1153 quodque
1046 1106 1277 1143 rationis
1325 1115 1402 1144 est
1449 1120 1533 1145 ex-

92 1184 281 1221 15pers‚
333 1171 384 1208 id
440 1182 697 1219 generare
756 1182 814 1206 ex
873 1182 924 1206 se
975 1176 1158 1218 potest
1212 1171 1534 1209 animantem

141 1243 536 1285 conpotemque
584 1234 852 1280 rationis;
904 1233 1126 1271 mundus
1166 1242 1337 1272 autem
1375 1249 1534 1284 gene-

140 1308 219 1339 rat
273 1300 561 1338 animantis
632 1306 1020 1347 compotesque
1087 1300 1356 1346 rationis;
1424 1302 1534 1337 ani-

140 1379 281 1404 mans
319 1372 399 1402 est
437 1365 603 1413 igitur
641 1363 864 1400 mundus
902 1375 1230 1412 composque
1268 1366 1533 1402 rationis!

141 1431 331 1479 Idemque
380 1428 639 1473 similitudine,
687 1435 729 1464 ut
777 1439 893 1476 saepe
942 1427 1050 1473 solet,
1099 1429 1288 1465 rationem
1348 1430 1536 1466 conclusit

90 1497 217 1534 aohoc
273 1495 419 1532 modo:
478 1494 549 1531 ‘Si
606 1505 664 1530 ex
730 1492 872 1530 oliva
937 1492 1211 1529 modulate
1279 1501 1535 1531 canentes

140 1561 307 1599 tibiae
354 1564 732 1603 nascerentur,
775 1570 892 1594 num
940 1557 1243 1604 dubitares,
1288 1559 1412 1607 quin
1458 1560 1534 1596 in-

142 1632 284 1664 esset
338 1625 388 1662 in
445 1624 587 1661 oliva
643 1622 891 1660 tibicinii
949 1622 1208 1670 quaedam
1268 1624 1538 1660 scientia?

142 1690 303 1739 Quid,
347 1690 389 1727 si
435 1688 643 1737 platani
689 1687 950 1724 fidiculas
1006 1687 1211 1724 ferrent
1257 1700 1536 1725 numerose

141 1755 430 1793 sonantes?
485 1753 622 1790 idern
674 1752 896 1789 scilicet
951 1763 1203 1788 censeres
1259 1752 1309 1788 in
1363 1752 1535 1800 plata-

90 1821 219 1860 2snis
293 1820 471 1857 inesse
541 1818 813 1855 musicam.
906 1817 1010 1854 Cur
1082 1816 1249 1864 igitur
1317 1816 1536 1853 mundus

140 1896 242 1922 non
293 1885 530 1921 animans
589 1883 916 1931 sapiensque
975 1880 1273 1927 iudicetur,
1322 1893 1433 1918 cum
1480 1893 1538 1918 ex

141 1961 192 1987 se
234 1955 485 1997 procreet
527 1948 815 1985 animantis
855 1954 1013 1995 atque
1054 1946 1379 1994 sapientis?’

195 2013 272 2051 Sed
309 2014 494 2061 quoniam
543 2013 657 2061 coepi
705 2024 817 2049 secus
867 2023 991 2060 agere,
1044 2018 1159 2058 atque
1208 2010 1317 2046 initio
1365 2009 1536 2046 dixeram
1555 2000 1588 2069 g

147 2077 347 2126 (negaram
367 2078 470 2114 enim
491 2077 591 2114 hanc
611 2077 773 2126 primam
793 2083 940 2125 partem
963 2088 1075 2124 egere
1096 2076 1281 2119 oratione,
1303 2073 1410 2122 quod
1439 2081 1538 2110 esset

91 2156 126 2180 30
142 2143 321 2179 omnibus
354 2143 603 2191 perspicuum
636 2142 732 2178 deos
767 2142 889 2187 esse),
924 2148 1054 2177 tamen
1087 2140 1128 2177 id
1166 2141 1292 2188 ipsum
1330 2139 1538 2175 rationibus

142 2206 309 2255 physicis
343 2207 572 2243 confirmare
605 2207 707 2243 volo.
764 2206 826 2243 Sic
859 2205 961 2242 enim
995 2217 1055 2242 res
1089 2217 1128 2242 se
1162 2205 1291 2249 habet,
1321 2211 1362 2240 ut
1396 2203 1536 2247 omnia,

142 2281 241 2318 quae
271 2270 418 2306 alantur
438 2278 475 2307 et
495 2282 594 2318 quae
616 2277 804 2314 crescant,
825 2270 1050 2306 contineant
1070 2270 1108 2305 in
1129 2281 1169 2306 se
1188 2269 1267 2305 vim
1289 2269 1435 2305 caloris.
1457 2268 1537 2304 sine

143 2346 219 2382 qua
251 2346 377 2382 neque
408 2335 456 2371 ali
486 2341 645 2383 possent
677 2346 752 2371 nec
786 2345 972 2370 crescere.
1030 2334 1131 2370 Nam
1170 2345 1298 2377 omne,
1338 2332 1444 2380 quod
1483 2339 1539 2368 est

144 2397 311 2434 calidum
345 2405 384 2435 et
415 2398 584 2446 igneum,
619 2399 741 2435 cietur
760 2404 799 2434 et
831 2398 954 2446 agitur
986 2404 1094 2434 motu
1128 2409 1197 2434 suo
1216 2411 1226 2442 3
1268 2396 1375 2444 quod
1409 2404 1536 2433 autem

93 2478 125 2503 3⁵
144 2461 253 2498 alitur
281 2468 320 2499 et
350 2462 499 2508 crescit,
530 2469 638 2500 motu
669 2462 841 2510 quodam
871 2462 988 2498 utitur
1017 2468 1124 2498 certo
1155 2468 1193 2497 et
1227 2461 1417 2509 aequabili
1434 2476 1443 2507 ς
1473 2461 1538 2509 qui

1575 432 1585 456 .-
