1681 2752
63 873 94 889 10

62 1192 92 1216 15

59 1520 92 1536 20

58 1838 88 1861 25

55 2161 88 2185 30

54 2477 84 2502 35

466 180 552 211 LIB.
571 179 635 211 ΙΙΙ.
681 179 761 211 CAr’.
779 180 840 218 ΧῙ,
861 180 941 211 XII.
989 181 1027 221 §5
1047 189 1163 222 25-31·
1433 182 1507 225 145

115 280 275 329 quidem
296 281 406 330 quale
427 281 486 327 sit,
507 281 582 318 iarn
602 281 839 330 videbimus)
866 281 935 318 sed
955 282 1087 318 omnia
1106 283 1242 320 cientis
1269 289 1308 320 et
1333 283 1510 332 agitantis

117 345 282 382 motibus
312 351 350 382 et
379 345 652 382 mutationibus
682 346 770 382 suis.
830 346 967 394 Itaque
988 346 1050 382 illa
1069 346 1164 383 mihi
1184 347 1363 394 placebat
1386 348 1507 385 oratio
1527 357 1561 382 28

115 408 164 445 de
193 410 463 446 convenientia
492 421 762 458 consensuque
792 417 961 454 naturae,
992 423 1108 458 quarn
1139 411 1246 458 quasi
1277 412 1508 460 cognatione

114 474 336 510 continuata
375 474 593 522 conspirare
633 473 803 511 dicebas.
882 474 982 511 Illud
1021 487 1099 512 non
1139 475 1362 523 probabam,
1402 476 1508 524 quod

113 538 280 586 negabas
300 537 340 574 id
360 537 538 574 accidere
559 538 741 586 potuisse,
763 539 834 575 nisi
856 551 903 575 ea
922 551 1001 576 uno
1021 538 1152 576 divino
1179 540 1312 587 spiritu
1334 541 1506 578 contine-

112 608 251 639 rentur.
311 602 379 639 Illa
397 614 488 639 vero
519 602 726 640 cohaerent
755 610 793 639 et
822 610 1050 651 permanent
1079 610 1236 640 naturae
1256 605 1408 651 viribus,
1429 617 1508 642 non

112 666 286 713 deorum,
317 673 451 715 estque
481 667 520 704 in
549 680 595 704 ea
628 668 696 704 iste
731 667 839 716 quasi
874 680 1098 713 consensus,
1129 681 1244 717 quam
1279 669 1509 717 συμπάθειαν

112 731 252 768 Graeci
279 738 446 778 vocant3
486 731 555 769 sed
585 744 641 778 ea,
673 744 751 780 quo
781 744 850 768 sua
877 740 1016 780 sponte
1047 732 1168 769 maior
1201 739 1271 778 est,
1303 744 1350 770 eo
1381 733 1507 771 minus

112 794 241 832 divina
258 796 405 832 ratione
426 795 507 833 fieri
528 795 785 833 existimanda
804 803 873 834 est.

166 860 235 896 Illa
254 867 396 905 autem,
417 872 515 909 quae
537 860 760 898 Carneades
787 860 998 907 adferebat,
1019 873 1137 909 quern
1163 860 1213 898 ad
1239 860 1403 899 modum
1430 861 1505 898 dis-
1518 847 1565 916 ¹33

111 923 281 961 solvitis?
317 925 347 961 si
380 924 526 961 nullum
561 937 700 973 corpus
735 925 934 962 inmortale
968 925 1027 970 sit,
1062 926 1209 962 nullum
1243 938 1327 963 esse
1366 938 1507 974 corpus

112 989 387 1037 sempiternum
398 1003 408 1035 3
438 1001 577 1037 corpus
598 996 727 1026 autem
757 990 958 1026 inmortale
988 990 1134 1026 nullum
1163 1002 1260 1036 esse,
1290 1002 1338 1027 ne
1370 990 1505 1027 indivi-

111 1052 232 1089 duum
252 1052 423 1101 quidem,
445 1066 518 1090 nec
539 1053 645 1101 quod
667 1053 793 1090 dirimi
813 1053 1019 1090 distrahive
1040 1067 1120 1091 non
1139 1055 1272 1102 possit.
1327 1056 1505 1103 Cumque

109 1128 227 1154 omne
247 1117 388 1153 animal
408 1118 607 1166 patibilem
628 1124 803 1154 naturam
825 1118 976 1164 habeat,
994 1119 1140 1155 nullum
1157 1126 1213 1155 est
1235 1131 1382 1165 eorum,
1399 1119 1507 1168 quod

112 1181 264 1230 effugiat
293 1182 511 1230 accipiendi
539 1181 683 1230 aliquid
713 1182 961 1228 extrinsecus,
992 1182 1032 1219 id
1062 1189 1119 1219 est
1149 1183 1256 1230 quasi
1290 1183 1438 1220 ferendi
1469 1191 1507 1221 et

110 1245 293 1294 patiendi,
323 1246 606 1292 necessitatem,
637 1253 687 1293 et,
717 1246 748 1283 si
778 1259 894 1284 omne
925 1247 1066 1283 animal
1099 1247 1173 1283 tale
1204 1254 1272 1293 est,
1303 1247 1504 1285 inmortale

109 1310 254 1347 nullum
275 1317 342 1348 est.
401 1312 504 1359 Ergo
525 1311 672 1357 itidem,
693 1311 724 1348 si
747 1323 864 1348 omne
892 1311 1032 1348 animal
1059 1311 1181 1348 secari
1210 1323 1256 1347 ac
1285 1310 1406 1348 dividi
1434 1324 1504 1361 po-

109 1381 194 1421 test,
228 1375 373 1412 nullum
407 1382 464 1412 est
497 1388 630 1412 eorum
665 1375 920 1421 individuum,
952 1375 1099 1412 nullum
1134 1383 1359 1422 aeternum;
1400 1377 1505 1425 atqui

109 1451 226 1476 omne
246 1439 387 1476 animal
407 1439 456 1476 ad
477 1439 749 1488 accipiendam
768 1440 846 1476 vim
873 1446 1070 1476 externam
1097 1447 1136 1476 et
1165 1440 1367 1477 ferundam
1393 1453 1502 1489 para-

109 1509 190 1540 tum
210 1510 267 1540 est
283 1517 292 1549 3
322 1504 481 1541 mortale
502 1504 614 1552 igitur
633 1516 750 1540 omne
771 1504 913 1540 animal
933 1510 971 1540 et
991 1503 1213 1541 dissolubile
1238 1511 1276 1541 et
1302 1504 1503 1542 dividuum

108 1568 155 1604 sit
188 1580 347 1604 necesse
381 1574 450 1605 est.
507 1569 561 1606 Ut
591 1569 706 1613 enim,
740 1568 770 1605 si
800 1568 924 1605 omnis
955 1580 1045 1604 cera
1073 1569 1358 1605 commutabilis
1390 1576 1501 1614 esset,
1520 1581 1556 1607 3«,

107 1631 202 1668 nihil
238 1638 337 1669 esset
374 1644 542 1678 cereum,
577 1632 683 1681 quod
722 1633 950 1669 commutari
989 1645 1069 1669 non
1102 1640 1245 1681 posset,
1281 1633 1373 1669 item
1408 1633 1502 1670 nihil

107 1703 346 1744 argenteum,
369 1696 463 1733 nihil
489 1699 665 1742 a'e'neum,
691 1697 720 1733 si
750 1697 1034 1734 commutabilis
1064 1704 1165 1734 esset
1193 1704 1328 1734 natura
1356 1698 1503 1746 argenti

108 1766 146 1796 et
166 1760 260 1797 aeris
278 1774 285 1797 :
316 1760 488 1797 similiter
506 1761 628 1809 igitur,
649 1761 680 1797 si
700 1761 832 1797 omnia
856 1759 978 1810 [quae
999 1760 1125 1811 sunt],
1147 1773 1168 1798 e
1196 1761 1334 1809 quibus
1361 1769 1504 1798 cuncta

107 1830 298 1870 constant,
318 1824 515 1861 mutabilia
538 1832 637 1870 sunt,
658 1825 804 1862 nullum
829 1837 969 1873 corpus
1000 1837 1084 1862 esse
1113 1832 1242 1874 potest
1270 1838 1350 1862 non
1379 1833 1500 1863 muta-

106 1888 207 1934 bile;
241 1889 438 1926 mutabilia
466 1895 595 1926 autem
625 1896 712 1926 sunt
741 1890 814 1935 illa,
835 1901 882 1926 ex
912 1889 1050 1938 quibus
1079 1890 1211 1926 omnia
1240 1897 1429 1936 constant,
1460 1897 1502 1927 ut

105 1953 213 1990 vobis
242 1952 416 1999 videtur3
451 1965 568 1990 omne
599 1953 710 2002 igitur
740 1965 880 2002 corpus
912 1954 1095 1991 mutabile
1126 1960 1195 1991 est.
1253 1956 1303 1991 At
1336 1954 1366 1991 si
1400 1962 1501 1992 esset

107 2028 246 2065 corpus
275 2016 433 2065 aliquod
463 2017 675 2063 inmortale,
697 2030 777 2055 non
806 2024 907 2055 esset
933 2030 1049 2055 omne
1070 2018 1278 2065 mutabile,
1309 2018 1362 2055 ita
1381 2019 1498 2055 effici-

105 2087 175 2126 tur,
195 2088 237 2118 ut
256 2093 372 2118 omne
392 2094 532 2130 eorpus
551 2082 711 2119 mortale
732 2082 791 2120 sit.
840 2078 997 2119 Etenim
1016 2094 1134 2119 omne
1155 2095 1294 2130 corpus
1315 2089 1381 2119 aut
1399 2095 1500 2131 aqua

105 2151 169 2181 aut
188 2145 252 2181 aer
271 2151 335 2182 aut
355 2146 451 2194 ignis
471 2152 536 2182 aut
556 2152 655 2182 terra
675 2153 731 2183 est
752 2153 815 2183 aut
836 2146 887 2192 id,
910 2145 1017 2194 quod
1037 2154 1095 2183 est
1118 2153 1346 2183 concretum
1367 2159 1415 2183 ex
1441 2147 1498 2184 his

104 2216 169 2245 aut
198 2221 246 2245 ex
273 2209 400 2258 aliqua
426 2217 533 2258 parte
553 2222 711 2250 eorum:
743 2210 879 2247 horum
900 2217 1029 2247 autern
1058 2210 1152 2247 nihil
1181 2217 1249 2256 est,
1280 2211 1373 2258 quin
1402 2211 1498 2247 inte-

103 2279 195 2310 reat.
253 2274 355 2311 Nam
376 2281 414 2310 et
432 2280 625 2311 terrenum
645 2286 761 2311 omne
782 2274 975 2320 dividitur,
997 2281 1035 2311 et
1058 2287 1171 2311 umor
1196 2275 1248 2311 ita
1274 2275 1398 2311 mollis
1428 2282 1496 2320 est,
1515 2286 1547 2311 31

103 2343 145 2374 ut
165 2337 274 2374 facile
295 2337 418 2385 premi
438 2337 658 2386 conlidique
678 2339 799 2386 possit
815 2352 831 2384 ·,
854 2339 951 2386 ignis
971 2350 1062 2375 vero
1089 2345 1128 2375 et
1156 2338 1222 2375 aer
1250 2339 1357 2375 omni
1386 2339 1497 2386 pulsu

103 2400 281 2438 facillime
301 2401 452 2450 pellitur
470 2408 680 2450 naturaque
707 2401 853 2439 cedens
880 2409 937 2439 est
963 2414 1142 2438 maxume
1173 2408 1211 2438 et
1240 2401 1494 2450 dissupabilis.

105 2465 382 2514 Praetereaque
408 2465 539 2503 omnia
563 2465 660 2502 haec
685 2471 768 2503 tum
794 2465 997 2512 intereunt,
1019 2477 1109 2503 cum
1129 2465 1168 2502 in
1187 2472 1362 2503 naturam
1383 2465 1495 2503 aliam
