1681 2752
397 161 483 192 LIB.
501 160 547 191 11.
592 160 672 191 CAP.
690 160 818 196 XXXI,
837 159 984 190 XXXII.
1034 160 1073 199 ξς
1093 159 1209 200 76-82.
1422 161 1496 200 103

103 274 193 299 nem
213 274 293 299 rem
314 262 510 311 publicam
531 268 646 309 atque
666 262 801 298 urbem
821 261 988 308 aliquam
1012 261 1190 309 regentis.
1248 261 1436 308 Sequitur,
1459 268 1499 297 ut
1518 269 1550 293 79

103 326 241 363 eadem
271 327 318 363 sit
347 327 385 363 in
418 326 474 371 iis,
495 338 594 374 quae
628 325 798 361 humano
831 325 868 361 in
902 337 1055 373 genere,
1076 326 1183 369 ratio,
1205 324 1342 361 eadem
1363 326 1499 361 veritas

103 391 306 438 utrobique
327 391 373 427 sit
393 389 610 437 eademque
631 390 702 434 lex,
724 402 823 437 quae
854 396 910 425 est
939 389 1034 425 recti
1063 389 1286 436 praeceptio
1316 390 1499 436 pravique

103 454 292 502 depulsio.
351 455 410 491 Ex
430 466 508 502 quo
530 454 760 501 intellegitur
788 453 1031 501 prudentiam
1053 466 1208 501 quoque
1230 460 1266 489 ct
1290 460 1457 489 mentem
1479 465 1501 488 a

62 534 77 559 5
103 518 186 555 deis
207 518 259 555 ad·
277 518 453 555 homines
474 518 706 566 pervenisse,
728 518 779 554 ob
800 530 962 565 eamque
988 529 1144 553 causam
1175 517 1365 553 maiorum
1398 517 1500 553 insti-

104 583 192 620 tutis
213 594 334 627 mens,
356 582 466 626 fides,
486 582 614 627 virtus,
636 581 848 618 concordia
871 589 1120 618 consecratae
1151 588 1189 617 et
1218 582 1371 629 publice
1392 581 1500 618 dedi-

103 654 212 684 catae
241 653 340 684 sunt.
399 647 510 694 Quae
532 646 597 694 qui
626 646 808 683 convenit
838 658 958 694 penes
990 645 1086 682 deos
1121 658 1203 682 esse
1239 658 1389 693 negare,
1412 658 1500 681 cum

103 722 236 748 eorum
263 717 423 759 augusta
453 717 492 747 et
522 717 655 747 sancta
689 710 889 747 simulacra
908 710 1162 746 veneremur?
1219 709 1370 757 Quodsi
1405 710 1502 746 inest

103 775 142 812 in
162 775 362 812 hominum
383 787 524 823 genere
545 787 667 819 mens,
690 774 798 820 fides,
820 775 948 819 virtus,
971 773 1192 819 concordia,
1215 773 1318 810 unde
1347 774 1441 810 hacc
1464 774 1502 810 in

54 858 86 875 ιο
104 847 243 877 terram
281 840 352 876 nisi
386 840 435 876 ab
468 840 614 887 superis
648 839 816 875 dessuere
850 840 1085 887 potuerunt?
1140 839 1318 886 Cumque
1357 838 1431 875 sint
1465 838 1503 874 in

103 905 215 941 nobis
247 904 461 949 consilium,
492 904 600 948 ratio,
633 903 849 952 prudentia,
881 915 1039 939 11666556
1072 909 1129 939 est
1161 902 1255 939 deos
1290 902 1386 939 haec
1422 903 1504 951 ipsa

104 968 245 1005 habere
268 969 422 1013 maiora,
443 980 517 1006 nec
538 968 678 1005 habere
699 968 836 1012 solum,
858 966 927 1004 sed
948 968 1063 1003 etiam
1088 967 1130 1003 iis
1161 967 1214 1003 uti
1246 967 1284 1003 in
1316 967 1503 1003 maxumis

105 1039 143 1069 et
163 1033 330 1080 optumis
351 1033 492 1079 rebus3
521 1032 613 1069 nihil
642 1039 771 1068 autem
801 1044 874 1068 nec
904 1032 1025 1068 maius
1057 1044 1131 1067 nec
1163 1032 1297 1068 melius
1329 1031 1555 1077 mundo380

104 1109 264 1134 necesse
295 1104 352 1133 est
381 1109 472 1146 ergo
502 1109 592 1134 eum
617 1096 779 1133 deorum
806 1096 967 1133 consilio
1000 1103 1037 1132 et
1067 1096 1310 1144 providentia
1340 1096 1502 1132 admini-

56 1181 86 1205 15
105 1162 223 1199 strari.
283 1163 482 1199 Postremo
503 1174 592 1198 cum
619 1162 708 1198 satis
729 1161 975 1198 docuerimus
1006 1160 1076 1198 hos
1106 1173 1189 1198 esse
1211 1161 1318 1207 deos,
1340 1174 1503 1209 quorum

105 1226 294 1274 insignem
309 1227 386 1263 vim
403 1232 440 1262 et
460 1226 656 1262 inlustrem
672 1225 810 1262 faciem
827 1225 1058 1271 videremus,
1075 1226 1198 1262 solem
1214 1225 1304 1262 dico
1321 1233 1358 1262 et
1374 1226 1503 1262 lunam

107 1297 145 1327 et
157 1302 270 1338 vagas
285 1291 411 1327 stellas
424 1296 463 1327 et
477 1291 685 1327 inerrantes
699 1297 736 1327 et
752 1290 903 1326 caelum
919 1296 957 1326 et
973 1289 1163 1326 mundum
1180 1290 1305 1338 ipsum
1322 1298 1359 1327 et
1375 1303 1503 1326 earum

105 1367 232 1392 rerum
245 1355 334 1400 vim,
349 1367 448 1403 quae
465 1355 634 1391 inessent
650 1355 687 1391 in
703 1355 810 1391 omni
826 1353 974 1391 mundo
991 1367 1080 1391 cum
1098 1367 1240 1403 magno
1257 1368 1327 1392 usu
1345 1362 1382 1391 et
1398 1367 1503 1391 com-

107 1419 292 1457 moditate
313 1420 463 1468 generis
484 1419 652 1465 humani,
670 1419 832 1456 efficitur
847 1419 979 1456 omnia
995 1419 1072 1467 regi
1090 1419 1220 1456 divina
1240 1426 1369 1456 mente
1390 1427 1504 1467 atque

57 1507 90 1523 20
107 1483 324 1533 prudentia.
381 1485 439 1521 Ac
459 1483 509 1521 de
530 1485 653 1532 prima
672 1483 831 1532 quidem
851 1490 958 1532 parte
980 1484 1069 1520 satis
1090 1483 1237 1521 dictum
1258 1491 1326 1520 est.

162 1549 349 1597 Sequitur,
371 1555 412 1585 ut
431 1548 598 1585 doceam
629 1549 761 1585 omnia
790 1548 964 1585 subiecta
994 1560 1077 1585 esse
1109 1557 1278 1592 naturae,
1301 1561 1423 1596 eaque
1455 1539 1564 1608 ab?

108 1626 156 1651 ea
174 1614 428 1662 pulcherrime
447 1613 538 1662 geri.
595 1612 671 1651 Sed
692 1611 786 1661 quid
815 1613 862 1649 sit
882 1613 965 1661 ipsa
984 1619 1130 1658 natura,
1152 1613 1427 1661 explicandum
1449 1620 1506 1649 est

109 1685 198 1715 ante
230 1678 401 1722 breviter,
431 1690 509 1726 quo
543 1678 687 1714 facilius
721 1676 773 1723 id,
803 1676 911 1726 quod
942 1676 1086 1714 docere
1120 1678 1309 1723 volumus,
1341 1678 1506 1726 intellegi

110 1743 242 1791 possit.
300 1743 481 1790 Namque
510 1742 570 1779 alii
602 1749 775 1778 naturam
807 1753 890 1778 esse
922 1749 1082 1778 censent
1102 1743 1178 1778 vim
1199 1742 1395 1790 quandam
1425 1743 1507 1779 sine

61 1826 92 1850 25
110 1808 257 1844 ratione
279 1807 446 1843 cientem
468 1814 594 1843 motus
615 1807 653 1843 in
674 1807 899 1854 corporibus
919 1807 1169 1852 necessarios,
1190 1807 1252 1843 alii
1281 1814 1409 1843 autem
1431 1807 1507 1843 vim

111 1872 339 1921 participem
367 1872 522 1908 rationis
552 1878 666 1919 atque
695 1870 839 1908 ordinis
870 1878 1066 1919 tamquam
1104 1871 1166 1907 via
1194 1871 1509 1919 progredientem

113 1935 463 1983 declarantemque,
484 1935 578 1983 quid
598 1935 784 1983 cuiusque
804 1935 857 1971 rei
879 1947 996 1972 causa
1018 1935 1172 1981 efficiat,
1193 1935 1288 1983 quid
1317 1942 1508 1983 sequatur,

113 2000 221 2037 cuius
247 2000 452 2037 sollertiam
481 2000 584 2036 nulla
611 2012 681 2045 ars,
712 1999 814 2036 nulla
842 2011 988 2045 manus,
1018 2012 1135 2036 nemo
1164 2000 1295 2048 opifex
1323 2000 1510 2048 consequi

114 2064 234 2112 possit
262 2063 450 2100 imitando
466 2077 476 2110 3
515 2063 671 2100 seminis
701 2064 805 2100 enim
825 2064 902 2100 vim
930 2075 1014 2100 esse
1042 2070 1202 2109 tantam,
1224 2071 1264 2101 ut
1294 2063 1345 2109 id,
1376 2076 1509 2112 quam-

65 2149 98 2173 30
116 2140 232 2176 quam
251 2128 298 2164 sit
318 2128 578 2176 perexiguum,
600 2134 742 2173 tamen,
764 2128 793 2164 si
823 2127 1001 2165 inciderit
1031 2128 1069 2165 in
1098 2129 1388 2177 concipientem
1418 2141 1510 2165 con-

115 2191 448 2240 prendentemque
486 2199 660 2228 naturam
697 2198 959 2240 nanctumque
997 2192 1045 2229 sit
1091 2193 1302 2237 materiam,
1341 2205 1417 2240 qua
1463 2193 1511 2229 ali

117 2256 322 2304 augerique
351 2255 483 2303 possit,
513 2256 565 2292 ita
593 2255 712 2304 fingat
740 2262 779 2292 et
808 2256 948 2292 efficiat
977 2256 1016 2292 in
1045 2268 1116 2293 suo
1146 2256 1318 2304 quidque
1357 2269 1509 2305 genere,

117 2320 255 2367 partim
293 2326 333 2355 ut
361 2325 509 2356 tantum
546 2319 666 2356 modo
704 2331 774 2368 per
808 2320 945 2368 stirpes
983 2321 1129 2357 alantur
1163 2333 1261 2365 suas,
1297 2322 1434 2368 partim
1472 2329 1513 2357 ut

118 2383 261 2420 moveri
283 2384 397 2419 etiam
427 2390 464 2419 et
493 2384 632 2420 sentire
662 2390 700 2420 et
729 2391 912 2431 appetere
943 2385 1091 2432 possint
1121 2390 1158 2420 et
1188 2396 1235 2420 ex
1264 2396 1348 2421 sese
1378 2385 1513 2421 similia

70 2466 101 2491 35
120 2447 178 2484 sui
198 2447 366 2495 gignere.
423 2447 516 2483 Sunt
535 2455 676 2491 autem,
698 2447 762 2494 qui
783 2448 914 2482 omnia
934 2455 1089 2484 naturae
1119 2449 1276 2484 nomine
1306 2449 1511 2496 appellent,
1530 2460 1563 2486 82
