1714 2807
184 180 238 232 36
618 189 681 219 DE
711 188 902 219 NATURA
934 187 1143 219 DEORUM.

132 300 164 326 12
182 292 280 340 phos
301 298 338 328 et
358 303 429 340 pro
450 290 629 327 omnibus
659 289 801 326 dicere.
860 289 979 326 Cuius
1008 289 1061 325 rei
1085 295 1213 325 tantae
1233 295 1391 336 tamque
1412 287 1575 325 difficilis

138 1050 162 1084 6

133 1094 165 1120 13

137 2163 169 2190 14

183 356 402 392 facultatem
434 361 688 391 consecutum
724 365 807 390 esse
847 365 908 390 nie
947 365 1026 389 non
1060 353 1253 401 profiteor,
1285 359 1461 388 secutum
1493 363 1575 388 esse

181 432 272 468 prae
305 432 366 456 me
402 419 493 455 sero.
554 419 638 454 Nec
678 425 806 454 tamen
847 417 925 453 sieri
965 423 1103 465 potest,
1138 423 1191 461 ut,
1226 416 1291 464 qui
1325 415 1396 452 hac
1430 416 1575 452 ratione

182 484 513 532 philosophentur,
543 483 566 519 ii
597 482 688 518 nihil
719 482 897 526 habeant,
919 480 1025 529 quod
1055 487 1273 528 sequantur.
1332 480 1576 530 l)ict111111est

183 549 342 585 omnino
373 547 422 584 de
462 547 533 583 hac
572 558 611 583 re
650 547 723 582 alio
763 546 849 582 loco
880 545 1110 593 diligentius,
1141 544 1222 589 sed,
1252 544 1343 592 quia
1374 543 1486 580 nimis
1521 543 1575 579 in-
1604 554 1618 578 5

183 613 328 649 dociles
366 611 524 660 quidam
564 610 739 658 tardique
783 616 882 654 sunt,
922 608 1161 645 admonendi
1199 607 1376 644 videntur
1413 607 1575 655 saepius.

185 677 275 713 Non
303 676 405 712 enim
436 687 567 712 sumus
597 675 633 719 ii,
665 675 803 722 quihus
838 674 930 710 nihil
960 685 1091 709 verum
1123 685 1207 709 esse
1236 672 1420 716 videatur,
1446 670 1516 708 sed
1540 671 1576 716 ii,

181 741 247 789 qui
277 740 456 777 omnibus
476 739 573 775 veris
603 739 694 775 salsa
723 737 916 786 quaedam
946 737 1129 774 adiuncta
1158 749 1240 773 esse
1270 736 1444 772 dicamus
1473 741 1576 772 tanta

183 803 442 849 similitudine,
464 810 505 839 ut
526 803 564 839 in
585 803 628 839 iis
658 803 760 839 nulla
789 802 877 838 insit
906 808 1010 838 certa
1039 801 1235 838 iudicandi
1264 807 1302 837 et
1335 798 1577 836 adsentiendi

183 875 286 906 nota.
345 869 405 905 Ex
427 880 506 916 quo
531 867 673 904 exstitit
703 866 807 911 illud,
828 866 948 903 multa
967 878 1049 903 esse
1071 865 1294 914 probabilia,
1315 876 1414 912 quae
1444 876 1576 912 quain·
1598 880 1629 896 10

183 946 299 981 quam
320 945 398 969 non
427 932 728 980 perciperentur,
749 938 892 976 tamen,
914 931 1004 979 quia
1023 930 1146 967 visum
1176 929 1373 978 quendam
1393 928 1578 966 haberent

183 998 372 1048 insignem
393 1003 430 1033 et
451 997 659 1041 inlustrem,
682 996 725 1032 iis
745 995 928 1043 sapientis
949 995 1025 1031 vita
1045 1001 1250 1043 regeretur.

239 1061 315 1099 Sed
337 1062 424 1105 iam,
446 1067 487 1097 ut
515 1060 620 1097 omni
650 1072 713 1096 me
744 1059 887 1096 invidia
914 1059 1084 1104 liberem,
1106 1071 1250 1107 ponam
1280 1059 1318 1095 in
1342 1058 1472 1095 medio
1492 1069 1576 1094 sen-

183 1126 319 1162 tentias
349 1125 670 1173 philosophorum
700 1123 750 1160 de
784 1131 918 1160 natura
951 1123 1126 1160 deorum.
1185 1123 1274 1170 Quo
1303 1122 1463 1171 quidem
1491 1122 1579 1158 loco
1618 1114 1621 1115 ⁷

183 1189 426 1226 convocandi
448 1201 585 1225 omnes
606 1188 795 1233 videntur,
816 1188 894 1236 qui,
916 1200 1014 1235 quae
1045 1189 1091 1224 sit
1121 1200 1251 1224 earum
1271 1199 1371 1232 vera,
1394 1186 1576 1223 iudicent.
1599 1198 1628 1221 ι5

182 1259 284 1295 Tum
315 1258 473 1295 demum
504 1257 594 1294 mihi
625 1269 770 1305 procax
799 1256 1013 1293 Academia
1036 1256 1237 1301 videbitur,
1263 1256 1291 1292 si
1321 1263 1385 1292 aut
1415 1267 1576 1291 consen-

184 1323 299 1359 serint
333 1334 483 1367 omnes,
519 1328 583 1358 aut
618 1321 687 1357 erit
722 1321 898 1357 inventus
935 1321 1082 1368 aliquis,
1118 1320 1195 1368 qui,
1231 1319 1323 1367 quid
1354 1332 1486 1356 verum
1519 1319 1577 1364 sit,

185 1387 383 1423 invenerit.
443 1387 579 1434 Itaque
601 1385 694 1421 mihi
714 1384 807 1421 libet
828 1385 1056 1430 exclamare,
1078 1390 1118 1421 ut
1139 1390 1194 1420 est
1210 1384 1249 1420 in
1270 1383 1532 1432 Synephebis:

289 1498 378 1534 Pro
412 1496 571 1543 deum,
601 1495 912 1545 popularium
947 1494 1174 1536 omnium,
1206 1494 1377 1530 a'mm'um
1411 1491 1577 1530 adule-

1039 1557 1278 1594 scentium
1599 1571 1632 1588 20

294 1625 480 1670 Clamo,
511 1623 730 1672 postulo,
762 1622 988 1666 Obsecro,
1019 1632 1122 1665 oro,
1151 1621 1289 1668 plOI‘O
1328 1626 1474 1667 atque
1514 1619 1579 1655 in-

1040 1684 1177 1732 ploro
1207 1684 1371 1730 sidem,

186 1811 265 1835 non
286 1798 490 1834 levissuma
511 1796 560 1833 de
584 1808 636 1841 rc,
658 1802 699 1832 ut
723 1795 893 1842 queritur
914 1794 972 1830 ille
995 1793 1061 1829 ‘in
1092 1792 1295 1829 civitate
1326 1792 1437 1828 sieri
1467 1791 1579 1829 faci-

186 1875 303 1900 nora
333 1861 616 1910 capitalia’:

295 1971 350 2007 ab
385 1970 540 2006 amico
574 1974 762 2005 amante
801 1973 1052 2015 argentum
1087 1966 1314 2014 accipere
1350 1965 1580 2002 meretrix
1599 1982 1631 2007 2⁵

1042 2042 1136 2067 non
1164 2029 1276 2075 vult,

188 2156 257 2193 sed
290 2162 331 2193 ut
365 2154 503 2200 adsint,
539 2158 790 2201 cognoscant,
826 2150 1141 2191 animadvertant.
1174 2149 1266 2197 quid
1301 2149 1349 2186 (le
1383 2150 1578 2198 religione,

187 2221 343 2268 pietate,
365 2219 577 2263 sanctitate,
599 2216 854 2260 caerimoniis,
877 2214 966 2259 side,
988 2215 1066 2250 iure
1092 2213 1266 2258 iurando,
1289 2213 1383 2261 quid
1408 2213 1457 2250 de
1484 2220 1579 2250 tem-

188 2284 271 2332 plis,
299 2283 466 2319 delnbris
491 2281 762 2327 sacrificiisque
789 2278 1049 2323 sollemnibus,
1079 2277 1171 2325 quid
1197 2277 1245 2313 de
1273 2278 1362 2324 ipsis
1387 2277 1580 2325 auspiciis,

189 2348 327 2396 quibus
357 2359 426 2383 nos
453 2357 689 2394 praesumus,
711 2341 1007 2380 existimandum
1033 2342 1104 2387 sit;
1136 2342 1231 2377 haec
1257 2341 1360 2377 enini
1381 2341 1512 2377 omnia
1531 2341 1580 2378 ad
1601 2363 1632 2386 30

190 2412 290 2448 hanc
319 2411 367 2447 de
398 2410 456 2447 dis
508 2408 771 2446 inmortalibus
805 2406 1072 2454 quaestionem
1101 2405 1303 2441 referenda
1333 2412 1431 2442 sunt.
1491 2406 1579 2441 Pro-

190 2476 292 2512 fecto
319 2487 387 2511 eos
420 2474 536 2522 ipsos,
558 2473 622 2520 qui
654 2484 694 2509 se
726 2469 870 2519 aliquid
904 2469 997 2506 certi
1026 2469 1168 2506 habere
1199 2469 1436 2514 arbitrantur,
1457 2468 1580 2505 addu-
