1714 2807
127 163 206 202 130
556 163 619 194 DE
649 164 839 196 NATURA
871 164 1081 196 DEORUM.

120 263 244 300 bubus
264 263 425 312 loquar?
453 275 616 312 quorum
638 265 720 313 ipsa
739 271 845 314 terga
865 265 1061 303 declarant
1080 279 1160 304 non
1181 278 1265 304 esse
1286 279 1326 304 se
1347 267 1398 305 ad
1417 279 1514 306 onus

120 327 393 375 accipiendum
432 328 613 376 figurata3
654 330 823 366 cervices
861 338 990 366 autem
1029 338 1140 367 natae
1176 330 1226 367 ad
1258 331 1400 379 iugum,
1432 338 1515 369 tum

118 391 214 428 vires
235 403 455 428 umerorum
477 399 514 429 et
535 392 754 429 latitudines
774 393 822 429 ad
846 401 967 430 aratra
992 392 1289 444 [ex]trahenda.
1348 395 1511 442 Quibus,

119 466 209 491 cum
230 461 351 491 terrae
373 455 637 503 subigerentur
658 456 811 492 fissione
832 457 1042 504 glebarum,
1065 458 1113 494 ab
1135 458 1196 494 illo
1219 471 1336 495 aureo
1360 471 1513 507 genere,

119 526 159 555 ut
180 519 317 567 poetae
340 519 556 567 loquuntur,
578 520 632 556 vis
653 520 755 556 nulla
774 533 959 569 umquam
979 521 1234 560 adserebatur.
1541 540 1556 564 s

227 624 400 660 Ferrea
429 631 524 660 tum
554 636 665 661 vero
695 625 855 673 proles
885 634 1052 663 exorta
1080 634 1280 676 repente
1311 635 1381 665 est

226 689 448 735 Ausaque
479 688 724 725 funestum
755 690 906 737 prima
936 697 1006 726 est
1035 691 1325 728 fabricarier
1353 704 1514 729 ensem

226 752 284 788 Et
322 758 516 800 gustare
557 764 695 790 manu
734 753 948 790 vinctum
979 753 1313 803 domitumque
1348 756 1514 792 iuven-

1187 831 1310 856 cum.

115 910 242 947 Tanta
271 909 476 957 putabatur
506 910 646 946 utilitas
677 910 824 958 percipi
857 922 877 947 e
909 910 1048 957 bubus,
1078 918 1119 948 ut
1147 923 1281 949 eorum
1305 913 1513 950 visceribus
1534 929 1565 946 10

59 974 220 1013 64vesci
271 973 397 1010 scelus
449 973 663 1011 haberetur.
750 975 928 1022 Longum
984 982 1042 1012 est
1092 976 1284 1012 mulorum
1335 977 1514 1025 persequi

117 1038 296 1074 utilitates
329 1043 366 1074 et
397 1037 603 1083 asinorum,
637 1049 735 1085 quae
767 1046 871 1075 certe
903 1038 953 1075 ad
985 1039 1185 1076 hominum
1217 1052 1329 1077 usum
1359 1048 1513 1088 paratae

57 1108 216 1138 160sunt.
275 1101 344 1138 Sus
379 1113 470 1137 vero
505 1101 598 1149 quid
634 1101 748 1138 habet
782 1109 933 1150 practer
965 1104 1125 1140 escam?
1161 1104 1224 1140 cui
1258 1104 1429 1152 quidem,
1463 1117 1513 1141 ne

116 1171 348 1214 putesceret,
365 1165 532 1201 animam
556 1165 677 1213 ipsam
699 1178 768 1213 pro
790 1166 866 1202 sale
888 1166 1018 1203 datam
1037 1167 1130 1204 dicit
1151 1180 1233 1204 esse
1250 1168 1512 1216 Clirysippus5

117 1241 194 1277 qua
224 1229 390 1277 pecude,
423 1228 529 1277 quod
565 1235 644 1265 erat
677 1229 727 1266 ad
759 1230 997 1266 vescendum
1032 1231 1251 1268 hominibus
1289 1240 1389 1280 apta,
1421 1233 1514 1269 nihil
1533 1247 1563 1272 ις

116 1294 248 1342 genuit
287 1300 422 1329 natura
460 1293 676 1330 fecundius.
740 1293 845 1341 Quid
885 1294 1170 1331 multitudinem
1209 1297 1511 1345 suavitatemque

117 1357 281 1405 piscium
303 1356 460 1393 dicam?
489 1356 582 1405 quid
602 1357 758 1394 avium?
786 1369 833 1394 ex
855 1359 993 1406 quibus
1017 1365 1122 1395 tanta
1151 1360 1361 1408 percipitur
1380 1361 1511 1409 volup-

116 1428 185 1466 tas,
202 1427 243 1457 ut
264 1420 455 1457 interdum
474 1422 649 1458 Pronoea
669 1428 798 1458 nostra
815 1422 1008 1470 Epicurea
1027 1423 1140 1459 fuisse
1157 1423 1341 1461 videatur.
1386 1426 1513 1473 Atque

118 1497 186 1522 eae
206 1497 255 1522 ne
277 1491 505 1533 caperentur
525 1485 684 1533 quidem
706 1486 777 1522 nisi
799 1486 1001 1523 hominum
1018 1488 1165 1524 ratione
1185 1494 1300 1536 atque
1322 1489 1512 1536 sollertia3

117 1561 353 1598 quamquam
373 1550 452 1586 avis
473 1549 673 1597 quasdam,
697 1557 734 1586 et
755 1550 862 1587 alites
887 1557 924 1587 et
948 1551 1112 1596 oscines,
1133 1558 1175 1588 ut
1203 1553 1322 1589 nostri
1350 1565 1512 1601 augures
1531 1568 1564 1584 20

59 1625 105 1650 161
117 1614 322 1662 appellant,
343 1625 468 1650 rerum
489 1614 798 1661 augurandarum
818 1627 936 1651 causa
956 1627 1038 1652 esse
1060 1623 1168 1652 natas
1188 1624 1379 1664 putamus.
1429 1617 1512 1654 Iam

116 1690 207 1715 vero
227 1678 415 1715 immanes
437 1684 475 1715 et
496 1678 591 1714 feras
612 1678 743 1715 beluas
764 1680 1023 1716 nanciscimur
1042 1680 1234 1725 venando,
1256 1688 1297 1717 ut
1324 1688 1362 1718 et
1381 1693 1511 1718 vesca-

117 1755 201 1778 mur
233 1743 277 1779 iis
311 1749 348 1778 et
383 1753 630 1779 exerceamur
664 1743 702 1778 in
733 1743 913 1780 venando
947 1743 997 1780 ad
1031 1744 1319 1781 similitudinem
1353 1745 1512 1782 bellicae

117 1806 343 1855 disciplinae
374 1812 412 1843 et
441 1813 593 1842 utamur
623 1806 778 1844 domitis
808 1815 846 1844 et
880 1808 1185 1854 condocefactis,
1216 1816 1258 1846 ut
1287 1809 1511 1858 elephantis,

117 1871 312 1919 multaque
344 1883 392 1907 ex
423 1882 554 1907 earum
587 1872 811 1919 corporibus
844 1872 1016 1909 remedia
1050 1873 1193 1910 morbis
1227 1879 1265 1910 et
1294 1874 1512 1911 vulneribus
1531 1888 1561 1911 ²⁵

117 1936 312 1983 eligamus,
335 1935 433 1971 sicut
459 1946 506 1971 ex
535 1935 767 1982 quibusdam
799 1937 976 1984 stirpibus
1007 1943 1044 1973 et
1074 1936 1212 1983 herbis,
1234 1950 1395 1986 quarum
1415 1939 1511 1975 utili-

116 2006 213 2036 tates
242 1998 441 2047 longinqui
470 1999 654 2047 temporis
676 2012 744 2036 usu
766 2007 804 2036 et
824 2001 1101 2048 periclitatione
1122 2002 1377 2050 percepimus.
1433 2003 1512 2039 To-

116 2071 194 2100 tam
232 2063 321 2100 licet
358 2063 495 2099 animis
533 2069 730 2111 tamquam
768 2065 889 2101 oculis
927 2064 1084 2102 lustrare
1131 2072 1270 2102 terram
1316 2067 1512 2114 mariaque

116 2128 271 2174 omnia3
311 2139 446 2164 cernes
476 2127 550 2164 iarn
581 2128 702 2176 spatia
732 2128 907 2176 frugifera
935 2137 1051 2177 atque
1081 2129 1256 2166 inmensa
1285 2142 1511 2178 camporum

115 2193 349 2240 vestitusque
371 2191 620 2228 densissimos
641 2193 844 2238 montium,
866 2192 1064 2241 pecudum
1085 2201 1227 2242 pastus,
1244 2201 1326 2230 tum
1347 2194 1510 2231 incredi-
1530 2211 1562 2234 30

56 2257 179 2294 162bili
212 2269 344 2293 cursus
375 2256 586 2292 maritimos
618 2256 825 2293 celeritate.
883 2257 970 2293 Nec
996 2269 1087 2294 vero
1119 2270 1233 2306 supra
1261 2265 1412 2303 terram,
1442 2257 1512 2295 sed

117 2321 231 2358 etiam
262 2321 299 2357 in
329 2320 485 2357 intumis
515 2320 596 2357 eius
627 2321 795 2357 tenebris
824 2321 1071 2369 plurimarum
1100 2334 1226 2358 rerum
1247 2322 1338 2359 latet
1357 2322 1510 2368 utilitas,

115 2397 215 2434 quae
236 2384 286 2422 ad
307 2397 419 2422 usum
440 2385 641 2421 hominum
663 2391 746 2421 orta
765 2385 813 2422 ab
834 2384 1055 2423 hominibus
1077 2386 1166 2423 solis
1186 2386 1387 2424 invenitur.

55 2453 104 2489 65
171 2449 271 2486 Illud
291 2461 395 2495 vero,
417 2447 523 2497 quod
543 2455 704 2496 uterque
725 2455 892 2486 vestrum
913 2449 1066 2498 arripiet
1090 2450 1247 2487 fortasse
1277 2449 1328 2487 ad
1356 2462 1511 2500 repren-
