1714 2807
173 157 249 186 112
602 157 665 187 DE
695 156 884 188 NATURA
914 156 1123 188 DEORUM.

108 264 157 292 107
169 259 261 296 Eius
282 270 372 296 cum
391 258 508 296 totius
528 264 586 295 est
605 258 800 307 praeclara
820 258 985 306 species,
1008 263 1088 294 tum
1113 257 1150 294 in
1176 256 1306 306 primis
1337 257 1561 306 aspicienda

167 330 225 361 est
245 323 365 372 figura
384 323 519 371 capitis
539 329 655 371 atque
675 322 790 359 ardor
808 322 1006 359 oculorum
1024 336 1031 359 :

276 411 403 448 Huic
448 421 542 446 non
587 421 677 445 una
721 408 862 445 modo
908 415 1051 457 caput
1092 420 1267 445 ornans
1307 408 1450 444 stella
1488 419 1559 444 re-

1232 473 1383 517 lucet,

274 540 447 577 Verum
475 545 691 587 tempora
720 543 830 574 sunt
859 536 1046 585 duplici
1077 537 1266 585 fulgore
1297 544 1481 581 notata,
1587 553 1602 578 ⁵

276 605 309 641 Ε
342 604 657 652 trucibusque
698 601 854 639 oculis
893 600 985 638 duo
1025 601 1215 638 fervida
1252 602 1432 638 lumina
1469 600 1559 638 sla-

1234 672 1388 714 grant,

274 734 430 780 Atque
458 743 551 769 uno
581 738 788 768 mentum
819 730 1029 767 radianti
1059 729 1218 766 sidere
1248 730 1403 776 lucet3

213 818 216 822 ·
273 797 531 844 Obstipum
560 804 704 844 caput
733 802 777 832 at
806 795 951 832 tereti
983 795 1173 831 cervice
1203 795 1440 832 reflexum

274 861 506 899 obtutum
537 861 581 897 in
611 860 765 897 cauda
796 859 992 896 maioris
1022 859 1177 907 sigere
1208 858 1362 896 dicas.
1580 878 1613 896 ιο

109 954 157 980 108
170 948 220 985 Et
238 948 427 996 reliquum
447 947 606 995 quidem
627 959 768 995 corpus
791 947 979 984 Draconis
1001 947 1089 983 totis
1109 946 1287 983 noctibus
1307 946 1498 983 cernimus
1515 960 1523 984 ε

276 1034 384 1071 Hoc
432 1040 577 1082 caput
623 1033 699 1070 hic
746 1034 938 1082 paulum
986 1045 1102 1071 sese
1147 1033 1308 1070 subito
1350 1045 1560 1081 aequore

1234 1097 1422 1143 condit,

275 1162 420 1200 Ortus
458 1162 538 1199 ubi
577 1169 720 1210 atque
760 1162 922 1200 obitus
963 1168 1140 1211 partem
1180 1161 1478 1199 admiscetur
1516 1162 1562 1198 in

1232 1238 1256 1262 u
1266 1238 1292 1262 n
1301 1238 1323 1262 a
1332 1238 1383 1263 m.
1584 1235 1613 1260 ιε

171 1279 219 1318 Id
239 1286 368 1317 autem
389 1285 505 1328 caput

276 1366 535 1414 Attingens
565 1365 762 1403 defessa
789 1366 921 1404 velut
951 1366 1212 1404 maerentis
1242 1366 1398 1415 imago

276 1431 511 1475 Vertitur,

170 1529 287 1566 quam
307 1517 468 1565 quidem
489 1518 630 1555 Graeci

279 1604 559 1652 Engonasin
589 1604 825 1650 vocitant,
847 1604 1053 1653 genibus
1082 1605 1193 1654 quia
1220 1605 1332 1642 nixa
1359 1605 1562 1644 feratur.
1582 1625 1614 1641 κο

278 1669 373 1705 Hic
402 1669 484 1705 illa
513 1669 688 1705 eximio
718 1669 877 1716 posita
907 1676 977 1706 est
1008 1669 1194 1718 fulgore
1223 1670 1434 1707 Corona.

170 1756 297 1803 Atque
319 1754 415 1792 haec
435 1754 594 1802 quidem
614 1766 635 1790 a
655 1761 775 1803 tergo,
797 1762 955 1803 propter
974 1762 1091 1804 caput
1111 1762 1241 1793 autern
1262 1757 1537 1805 Anguitenens,

113 1859 162 1885 109
278 1841 439 1889 Quem
474 1841 619 1877 claro
652 1840 941 1889 perhibent
979 1841 1316 1890 Ophiuchum
1352 1843 1563 1879 nomine

1234 1907 1386 1943 Graii.

279 1970 380 2007 Hic
426 1981 612 2018 pressu
661 1969 850 2018 duplici
896 1969 1159 2019 palmarum
1203 1971 1425 2007 continet
1467 1972 1613 2018 An-25

1235 2046 1392 2083 guem,

277 2100 432 2147 Atque
462 2098 564 2136 eius
594 2099 696 2146 ipse
727 2104 885 2135 manet
911 2098 1145 2146 religatus
1175 2110 1379 2147 corpore
1408 2105 1562 2146 torto;

279 2163 494 2211 Namque
541 2163 692 2200 virum
739 2162 946 2200 medium
993 2174 1192 2211 serpens
1236 2163 1320 2200 sub
1363 2169 1564 2211 pectora

1235 2227 1407 2275 cingit.

279 2291 369 2329 Ille
398 2297 557 2328 tamen
586 2291 748 2328 nitens
778 2291 990 2339 graviter
1017 2291 1225 2339 vestigia
1253 2291 1391 2339 ponit
1582 2315 1614 2341 30

277 2357 432 2404 Atque
462 2355 632 2392 oculos
661 2361 832 2403 urguet
860 2353 1068 2403 pedibus
1097 2361 1367 2404 pectusque
1394 2355 1562 2404 Nepai.

172 2442 460 2491 Septentriones
480 2447 610 2479 autem
630 2441 801 2490 sequitur
