1681 2752
62 876 92 892 10

61 1195 91 1220 15

59 1516 92 1533 20

58 1839 89 1864 ²5

56 2163 88 2188 30

57 2482 87 2507 35

376 174 461 206 ΜΒ.
482 174 546 205 111.
591 173 1030 210 cmxxxnrxxxiv.
1077 173 1247 213 §wo-84.
1430 165 1504 216 163

114 277 150 314 in
179 278 260 325 ipso
283 277 469 313 Graeciae
490 276 580 312 flore
614 275 825 312 Pisistratus
845 277 851 311 Ι
910 275 959 310 At
990 274 1167 319 Phalaris,
1191 282 1228 311 at
1248 275 1507 322 Apollodorus

114 353 258 389 poenas
283 341 442 378 sustulit.
501 339 631 377 Multis
661 339 819 386 quidem
850 345 937 375 ante
968 339 1144 375 cruciatis
1174 346 1211 375 et
1241 341 1399 377 necatis.
1459 341 1508 377 Et

112 405 330 454 praedones
352 405 456 441 multi
477 416 593 452 saepe
615 415 762 451 poenas
779 403 884 448 dant,
907 415 979 439 nec
1001 410 1131 439 tamen
1152 415 1356 451 possumus
1377 404 1506 441 dicere

112 483 191 506 non
230 469 346 518 pluris
383 469 554 516 captivos
593 468 730 504 acerbe
767 480 883 515 quam
923 466 1138 515 praedones
1177 474 1348 504 necatos.
1406 470 1505 505 Ana-

113 534 295 570 xarchum
317 533 608 570 Democriteum
629 544 650 568 a
672 532 816 580 Cyprio
837 539 998 580 tyranno
1019 532 1334 568 excarnificatum
1354 533 1506 581 accepi-

113 611 209 644 mus,
229 599 428 643 Zenonem
460 597 575 633 Eleae
606 597 643 632 in
674 597 874 633 tormentis
909 603 1102 633 necatum.
1162 595 1268 643 Quid
1298 596 1425 633 dicam
1457 597 1506 634 de

111 663 279 708 Socrate,
301 662 408 698 cuius
443 661 555 697 morti
591 661 816 697 inlacrimari
851 661 958 697 soleo
994 661 1194 697 Platonem
1228 661 1388 708 legens?
1442 662 1506 697 Vi-

111 726 230 763 desne
259 727 370 775 igitur
398 725 560 762 deorum
590 725 746 770 iudicio,
768 725 798 762 si
827 724 959 761 vident
987 737 1046 761 res
1077 724 1276 770 humanas,
1298 724 1506 762 discrimen

111 803 194 828 esse
215 791 433 828 sublatum?
490 790 689 838 Diogenes
709 788 867 837 quidem
889 789 1059 837 Cynicus
1086 788 1215 825 dicere
1237 789 1383 825 solebat
1406 790 1504 825 Har-

111 855 254 903 palum,
275 855 339 903 qui
359 855 597 903 temporibus
627 854 696 890 illis
727 853 873 902 praedo
894 853 983 890 felix
1011 853 1235 898 habebatur,
1258 861 1391 889 contra
1411 853 1507 890 deos

110 920 372 956 testimonium
395 919 536 964 dicere,
559 917 666 966 quod
693 918 730 954 in
760 918 822 954 illa
842 918 992 954 fortuna
1021 924 1099 954 tam
1130 916 1195 954 diu
1225 918 1380 954 viveret.
1438 918 1505 954 Di-

110 984 277 1032 onysius,
318 983 367 1020 de
405 995 483 1031 quo
521 990 610 1020 ante
649 982 739 1027 dixi,
780 995 869 1019 cum
909 982 1039 1019 sanum
1084 982 1334 1029 Proserpinae
1375 982 1506 1019 Locris

111 1049 364 1096 expilavisset,
403 1048 606 1095 navigabat
647 1047 876 1095 S)·racusas;
921 1046 1027 1094 isque
1073 1058 1162 1082 cum
1210 1045 1506 1083 secundissumo

109 1120 225 1149 vento
259 1125 414 1148 cursum
447 1118 606 1156 teneret,
641 1111 769 1148 ridens
801 1110 1118 1155 ‘Videtisne'‚
1150 1110 1283 1158 inquit,
1315 1111 1505 1157 ‘amici,

110 1189 247 1226 quam
282 1177 407 1213 bona
435 1189 456 1213 a
486 1176 559 1213 dis
589 1175 930 1212 inmortalibus
960 1175 1216 1223 navigatio
1247 1175 1505 1223 sacrilegis

110 1241 299 1278 detur?'
358 1241 481 1289 quue
503 1240 621 1277 homo
645 1247 779 1276 acutus
801 1252 890 1276 cum
911 1240 1011 1276 bene
1036 1240 1227 1287 planeque
1255 1240 1504 1287 percepisset,

110 1306 146 1343 in
177 1305 317 1342 eadem
346 1306 536 1342 sententia
564 1304 844 1353 perseverabat.
903 1304 981 1351 Qui
1008 1316 1097 1340 cum
1119 1303 1168 1339 ad
1191 1304 1505 1351 Peloponnesum

110 1371 270 1407 classem
301 1371 509 1418 appulisset
539 1376 576 1406 et
605 1369 643 1406 in
673 1369 803 1405 fanum
827 1369 994 1404 venisset
1016 1368 1117 1404 Iovis
1142 1368 1325 1416 Olympii,
1347 1380 1506 1404 aureum

109 1435 145 1472 ei
179 1434 343 1472 detraxit
377 1435 584 1471 amiculum
622 1433 757 1482 grandi
795 1432 982 1481 pondere,
1014 1444 1092 1480 quo
1132 1432 1267 1469 Iovem
1301 1439 1453 1469 ornarat
1482 1444 1503 1469 e

109 1500 299 1536 manubiis
328 1499 706 1546 Karthaginiensium
739 1504 921 1545 tyrannus
951 1497 1064 1542 Gelo,
1091 1503 1206 1544 atque
1236 1497 1274 1533 in
1309 1509 1356 1533 eo
1389 1497 1504 1534 etiam

110 1564 303 1600 cavillatus
323 1570 381 1600 est
400 1570 543 1600 aestate
572 1574 686 1611 grave
716 1573 799 1598 esse
829 1573 988 1598 aureum
1014 1561 1236 1606 amiculum,
1258 1561 1384 1597 hieme
1406 1562 1504 1609 frigi-

109 1628 216 1673 dum,
238 1629 350 1676 eique
371 1628 524 1664 laneum
545 1627 700 1675 pallium
722 1627 864 1671 iniecit,
887 1639 975 1662 cum
997 1625 1036 1662 id
1057 1638 1140 1662 esse
1161 1633 1294 1673 aptum
1315 1625 1365 1661 ad
1386 1638 1503 1662 omne

108 1693 198 1729 anni
227 1700 380 1740 ternpus
414 1692 572 1728 diceret.
632 1691 820 1739 Idemque
860 1690 1079 1738 Aesculapii
1119 1689 1305 1738 Epidauri
1343 1690 1502 1726 barbam

108 1769 262 1793 auream
301 1756 406 1793 demi
444 1756 575 1802 iussit3
622 1767 749 1803 neque
789 1755 891 1791 enim
931 1754 1139 1790 convenire
1177 1754 1381 1791 barbatum
1419 1766 1504 1790 esse

108 1821 238 1866 filium,
260 1834 348 1858 cum
370 1821 408 1858 in
429 1821 608 1857 omnibus
629 1820 723 1856 fanis
744 1826 852 1867 pater
881 1819 1048 1856 inberbis
1074 1825 1186 1855 esset.
1245 1818 1373 1855 Etiam
1394 1830 1501 1855 men·
1521 1827 1554 1853 84

107 1898 167 1923 sas
188 1892 386 1934 argenteas
407 1885 456 1922 de
486 1885 664 1922 omnibus
694 1884 860 1920 delubris
891 1883 998 1919 iussit
1026 1883 1174 1928 auferri,
1196 1883 1234 1919 in
1255 1883 1392 1930 quibus
1414 1895 1503 1919 cum

108 1962 214 1987 more
243 1950 380 1987 veteris
410 1949 596 1987 Graeciae
626 1949 851 1996 inscriptum
890 1955 989 1984 esset
1016 1958 1207 1984 BONORUM
1237 1958 1416 1992 DEORUM,
1449 1947 1503 1983 uti

107 2026 147 2052 se
177 2026 310 2051 eorum
340 2014 510 2051 bonitate
539 2013 635 2050 velle
670 2012 837 2050 dicebat.
896 2011 1007 2048 Idem
1040 2011 1270 2047 Victoriolas
1302 2023 1434 2047 aureas
1465 2017 1502 2047 et

106 2085 255 2127 pateras
276 2090 526 2126 coronasque,
548 2089 647 2125 quae
668 2077 959 2113 simulacrorum
988 2075 1173 2124 porrectis
1194 2075 1371 2112 manibus
1392 2075 1502 2112 susti-

106 2143 307 2187 nebantur,
346 2142 428 2179 sine
466 2141 706 2178 dubitatione
749 2141 906 2178 tollebat
951 2152 1074 2188 eaque
1113 2152 1153 2176 se
1193 2139 1383 2187 accipere,
1423 2152 1502 2176 non

105 2207 251 2244 auferre
281 2206 435 2243 dicebat
449 2219 460 2252 3
491 2217 575 2242 esse
605 2206 708 2242 enim
738 2205 947 2250 stultitiam,
977 2217 999 2240 a
1028 2205 1166 2252 quibus
1195 2204 1298 2241 bona
1326 2216 1500 2251 precare-

105 2284 201 2317 mur⁷
223 2271 272 2308 ab
292 2271 336 2308 iis
356 2270 635 2319 porrigentibus
656 2276 694 2306 et
715 2269 894 2306 dantibus
915 2269 1016 2305 nolle
1038 2281 1201 2305 sumere.
1242 2267 1500 2315 Eundemque

104 2336 231 2372 ferunt
259 2335 369 2380 haec,
390 2346 489 2382 quae
518 2333 609 2379 dixi,
630 2333 779 2370 sublata
807 2333 856 2370 de
886 2333 981 2369 fanis
1011 2333 1049 2369 in
1078 2333 1202 2369 forum
1232 2332 1434 2380 protulisse
1464 2339 1502 2367 et

104 2411 175 2448 per
193 2411 427 2448 praeconem
447 2397 667 2435 vendidisse
694 2404 905 2445 exactaque
935 2397 1102 2445 pecunia
1121 2396 1299 2441 edixisse,
1320 2402 1374 2440 ut,
1395 2394 1502 2442 quod

107 2463 270 2511 quisque
291 2474 315 2500 a
333 2462 449 2500 sacris
469 2462 639 2508 haberet,
660 2460 700 2499 id
720 2467 809 2498 ante
839 2460 944 2498 diem
973 2467 1118 2497 certam
1139 2460 1178 2497 in
1198 2472 1309 2496 suum
1329 2458 1501 2507 quidque

1516 771 1566 806 34
