1714 2807
142 159 195 209 78
577 166 639 196 DE
669 165 860 197 NATURA
889 165 1098 196 DEORUM.

142 267 232 305 tion,
253 265 369 300 which
388 277 460 299 was
478 265 568 298 used
588 265 624 298 in
643 265 703 298 the
722 263 923 309 beginning
940 263 982 298 of
1002 263 1062 298 the
1083 269 1272 309 argument
1291 269 1328 297 to
1346 274 1456 308 prove
1475 263 1535 297 the

141 324 324 357 existence
343 322 384 357 of
404 323 462 356 the
480 322 587 367 godS‚
609 321 638 354 is
655 321 762 366 again
789 321 1001 354 introduced
1029 320 1112 354 here
1140 327 1177 354 to
1202 320 1302 353 show
1329 320 1389 354 the
1415 320 1535 354 divine

142 392 221 415 care
249 380 302 414 sor
328 391 411 413 men
441 380 541 422 (162,
567 378 686 422 163)¹;
721 378 792 412 this
813 389 893 411 care
921 377 949 411 is
975 378 1100 411 shown
1128 385 1165 411 to
1191 378 1235 411 be
1262 377 1446 411 bestowed
1474 384 1536 411 not

142 439 227 483 only
248 449 346 481 upon
374 437 433 470 the
461 436 594 470 human
622 447 700 469 race
728 435 763 468 in
789 435 934 480 general
969 435 1033 468 but
1059 446 1156 478 upon
1182 441 1345 478 separate
1372 434 1536 478 portions

141 495 213 529 and
232 506 330 539 upon
349 493 566 527 individuals
600 493 694 530 who,
715 492 818 526 when
837 492 1105 536 distinguished
1126 491 1179 525 for
1196 492 1398 525 excellence
1421 491 1537 525 above

143 553 235 587 their
253 552 402 590 sellows‚
424 551 513 584 have
532 550 634 584 owed
654 551 681 584 it
699 549 828 594 chiefly
853 556 890 583 to
911 549 971 582 the
999 549 1082 592 help
1108 549 1148 582 of
1170 549 1229 582 the
1257 549 1421 593 favoring
1445 549 1538 594 gods

147 610 362 653 (164-167).
415 610 456 642 In
476 607 688 642 conclusion
724 607 857 641 Balbus
878 606 1025 640 exhorts
1044 607 1152 640 Cotta
1171 613 1208 640 to
1226 606 1355 639 devote
1383 606 1438 639 his
1464 606 1538 639 dia-

143 667 247 701 lectic
265 667 345 700 skill
363 666 435 700 and
454 666 652 709 eloquenee
671 664 791 698 rather
814 670 851 698 to
873 663 932 697 the
959 663 1108 697 defence
1127 663 1168 697 os
1190 663 1290 697 these
1310 663 1417 696 views
1452 662 1538 696 than

145 730 181 758 to
201 724 259 758 the
279 723 502 757 destruction
522 722 563 756 of
578 722 636 755 the
656 721 768 755 belief
783 721 817 754 in
838 721 897 754 the
915 720 1009 765 gods
1031 721 1154 764 (168).

193 847 204 868 1
226 848 270 875 As
285 847 345 874 this
363 847 449 883 point
473 847 497 874 is
520 846 594 882 only
612 845 721 882 briefly
739 845 876 873 touched
900 853 986 880 upon
1011 844 1094 877 here,
1114 843 1227 871 Cicero
1248 843 1305 871 has
1327 844 1445 872 treated
1468 843 1488 871 it
1509 848 1541 872 at

144 897 248 932 length
270 897 299 923 in
316 897 366 923 the
387 895 475 923 book
493 895 541 923 De
559 895 769 927 Divinatione,
784 894 886 921 where
911 893 958 921 his
982 893 1110 921 brother
1124 892 1261 929 Quintus
1274 892 1362 929 gives
1382 893 1434 921 the
1455 893 1541 922 Stoic

144 946 220 973 view
243 945 307 973 and
323 945 362 972 he
378 943 504 972 himself
516 944 566 971 the
581 943 766 972 Academie.

104 1372 124 1407 1
269 1360 379 1398 UAE
408 1372 497 1397 curn
527 1360 644 1398 Cotta
671 1359 840 1405 dixisset,
864 1366 946 1396 tum
974 1360 1167 1397 Velleius:
1198 1360 1260 1397 Ne
1294 1371 1381 1409 ego,
1408 1360 1543 1408 inquit,

108 1417 121 1442 ¹
296 1425 482 1470 incautus,
504 1425 568 1472 qui
595 1437 684 1460 cum
706 1424 944 1461 Academico
968 1431 1005 1461 et
1026 1424 1167 1461 eodem
1188 1425 1339 1461 rhetore
1361 1425 1544 1474 congredi

149 1496 310 1525 conatus
332 1489 429 1525 sim!
488 1489 589 1525 Nam
610 1500 737 1536 neque
768 1488 992 1525 indisertum
1022 1488 1301 1525 Academicum
1331 1489 1545 1537 pertimuis-

149 1566 231 1589 sem
260 1565 333 1589 nec
362 1553 442 1590 sine
475 1553 544 1589 ista
575 1553 819 1601 philosophia
848 1553 1041 1590 rhetorem
1068 1553 1241 1601 quamvis
1273 1554 1519 1602 eloquentem
1535 1567 1545 1600 ;

150 1630 277 1666 neque
299 1618 401 1654 enim
423 1617 578 1654 flumine
600 1618 810 1654 conturbor
830 1617 1000 1654 inanium
1020 1618 1223 1654 verborum
1245 1629 1317 1654 nec
1341 1618 1546 1655 subtilitate

153 1683 440 1727 sententiarum,
457 1682 486 1718 si
508 1682 688 1718 orationis
709 1688 766 1718 est
786 1682 948 1718 siccitas.
1004 1682 1063 1718 Tu
1085 1690 1226 1727 autem,
1244 1682 1371 1728 Cotta,
1387 1689 1547 1731 utraque

150 1758 190 1783 re
210 1746 357 1783 valuisti
374 1760 383 1792 ;
414 1758 558 1783 corona
578 1746 645 1782 tibi
665 1752 703 1782 et
732 1745 880 1782 iudices
910 1745 1125 1783 defuerunt.
1183 1746 1259 1784 Sed
1279 1746 1329 1783 ad
1356 1747 1426 1783 ista
1444 1747 1547 1792 alias,

108 1819 124 1844 2
153 1823 256 1847 nunc
290 1810 491 1856 Lucilium,
522 1810 552 1846 si
586 1810 657 1858 ipsi
687 1810 941 1847 commodum
970 1817 1039 1856 est,
1061 1810 1272 1848 audiamus.
1328 1811 1430 1848 Tum
1462 1811 1547 1848 Bal-

152 1875 246 1912 bus:
292 1874 472 1911 Eundem
522 1874 704 1922 equidem
754 1875 883 1911 malim
933 1875 1065 1912 audire
1115 1875 1283 1921 Cottam,
1326 1875 1432 1922 dum,
1471 1888 1549 1924 qua

153 1939 373 1987 eloquentia
393 1939 505 1976 falsos
527 1938 622 1975 deos
643 1939 803 1983 sustulit,
826 1939 964 1976 eadem
985 1951 1094 1976 veros
1114 1939 1283 1977 inducat.
1343 1941 1410 1977 Est
1445 1941 1547 1977 enim

152 2007 190 2036 et
210 2000 428 2047 philosophi
449 2006 487 2036 et
507 1999 702 2048 pontificis
723 2006 761 2037 et
781 2000 919 2038 Cottae
949 2000 999 2037 de
1029 2000 1087 2037 dis
1117 2001 1378 2038 inmortalibus
1408 2001 1548 2038 habere

152 2076 230 2101 non
260 2072 449 2100 errantem
480 2071 518 2100 et
546 2076 695 2113 vagam,
726 2071 766 2101 ut
795 2064 1032 2110 Academici,
1060 2064 1141 2109 sed,
1163 2071 1203 2101 ut
1223 2065 1353 2111 nostri,
1375 2065 1549 2103 stabilem

154 2135 375 2176 certamque
401 2129 643 2165 sententiam.
703 2129 805 2165 Nam
834 2136 969 2165 contra
999 2129 1210 2177 Epicurum
1240 2130 1328 2166 satis
1358 2141 1549 2178 superque

155 2193 302 2229 dictum
324 2199 392 2229 est.
450 2192 526 2230 Sed
547 2205 642 2229 aveo
663 2192 809 2237 audire,
831 2199 870 2229 tu
889 2193 982 2241 ipse,
1005 2193 1132 2237 Cotta,
1153 2192 1246 2241 quid
1267 2194 1420 2231 sentias.
1477 2195 1549 2239 An,

156 2257 289 2305 inquit,
329 2257 468 2293 oblitus
506 2268 559 2302 es,
602 2256 695 2304 quid
739 2257 846 2293 initio
888 2256 1061 2302 dixerim,
1105 2257 1249 2294 facilius
1301 2269 1375 2302 me,
1414 2257 1550 2295 talibus

155 2322 376 2369 praesertim
407 2321 456 2357 de
485 2321 611 2366 rebus,
639 2320 732 2368 quid
762 2332 841 2357 non
867 2321 1060 2366 sentirem,
1088 2333 1204 2369 quam
1234 2321 1328 2369 quid
1357 2323 1549 2366 sentirem,

113 2396 129 2422 3
156 2397 270 2433 posse
292 2385 449 2421 dicere?
506 2384 657 2432 Quodsi
687 2384 868 2421 haberem
898 2384 1054 2432 aliquid,
1085 2384 1191 2432 quod
1220 2385 1391 2433 liqueret,
1421 2392 1551 2423 tamen

158 2457 195 2486 te
217 2449 382 2486 vicissim
403 2448 534 2486 audire
555 2449 703 2493 vellem,
725 2460 813 2485 curn
835 2449 916 2497 ipse
946 2455 1024 2485 tam
1054 2449 1173 2486 multa
1201 2449 1394 2487 dixissem.
1449 2451 1484 2487 T
1487 2462 1551 2487 um
