1681 2752
410 180 496 211 LIB.
522 180 567 210 II.
613 179 963 210 CAP.XXII-XXIV.
1010 180 1049 221 §§
1068 180 1183 221 58—62.
1447 179 1505 223 97

106 280 178 318 bus
198 281 335 318 nostris
351 281 579 318 constitutae
596 281 892 328 nominataeque
908 287 1006 317 sunt.
1064 281 1259 329 Quicquid
1277 282 1379 317 enim
1400 293 1503 330 mag—

107 357 195 381 nam
217 345 415 381 utilitatem
444 345 574 392 generi
596 343 761 380 adferret
781 343 962 389 humano,
985 344 1024 380 id
1045 355 1124 381 non
1144 345 1225 381 sine
1247 344 1376 380 divina
1396 345 1502 381 boni-

107 415 183 446 tate
204 421 294 457 erga
314 409 489 445 homines
506 408 586 444 fieri
603 408 893 445 arbitrabantur.
935 409 1068 456 Itaque
1086 415 1166 444 tum
1187 408 1290 453 illud,
1305 408 1410 456 quod
1427 416 1505 446 erat

107 485 129 509 a
149 472 225 509 deo
246 479 389 517 natum,
407 472 563 509 nomine
585 472 700 520 ipsius
721 471 783 508 dei
806 472 1093 520 nuncupabant,
1115 479 1156 508 ut
1176 484 1264 508 cum
1286 473 1409 520 fruges
1431 474 1503 510 Ce-

66 550 80 574 s
107 548 228 573 rerem
249 536 497 585 appellamus,
514 536 644 572 vinum
665 542 793 572 autem
816 536 1006 581 Liberum,
1029 547 1076 572 ex
1099 548 1176 584 quo
1197 535 1291 572 illud
1310 537 1504 573 Terentii:

294 634 406 671 Sine
445 633 621 671 Cerere
660 639 704 670 et
743 633 919 670 Libero
958 633 1102 681 friget
1139 633 1318 679 Venus,

106 737 187 769 tum
207 738 334 768 autem
354 742 414 767 res
434 730 526 778 ipsa,
548 730 585 766 in
607 742 682 778 qua
700 730 755 766 vis
785 730 883 766 inest
911 730 1032 766 maior
1050 730 1186 778 aliqua,
1208 730 1262 766 sic
1282 730 1505 778 appellatur,
1526 741 1555 767 61

107 803 148 832 ut
167 807 214 832 ea
234 796 316 843 ipsa
335 795 554 832 nominetur
574 793 681 839 deus,
703 801 743 830 ut
766 793 892 839 Fides,
914 800 954 831 ut
985 795 1111 839 Mens,
1133 806 1226 842 quas
1257 794 1294 830 in
1316 794 1507 842 Capitolio

108 859 306 897 dedicatas
330 858 504 895 videmus
534 858 706 907 proxime
736 870 759 894 a
789 859 844 895 M.
866 859 1030 895 Aemilio
1062 859 1203 895 Scauro
1220 872 1229 904 3
1260 865 1349 894 ante
1380 865 1508 894 autem

60 940 91 956 10
109 924 158 961 ab
189 925 239 960 A.
274 923 389 960 Atilio
424 923 600 960 Calatino
639 929 717 958 erat
757 922 872 959 Fides
912 929 1148 959 consecrata.
1204 922 1323 959 Vides
1352 923 1508 959 Virtutis

109 987 306 1035 templum,
327 986 434 1023 vides
458 987 627 1023 Honoris
652 998 674 1022 a
695 987 750 1023 M.
775 987 959 1023 Marcello
989 994 1225 1031 renovatum,
1247 986 1352 1034 quod
1383 987 1508 1023 multis

108 1058 196 1088 ante
225 1051 334 1088 annis
358 1058 438 1087 erat
458 1051 559 1087 bello
582 1051 777 1098 Ligustico
798 1063 821 1087 a
842 1050 891 1098 Q.
915 1051 1088 1087 Maximo
1109 1050 1344 1087 dedicatum.
1403 1050 1509 1097 Quid

109 1115 234 1164 Opis?
276 1114 369 1163 quid
407 1115 570 1152 Salutis?
612 1113 702 1162 quid
744 1114 1003 1160 Concordiae,
1044 1115 1257 1160 Libertatis,
1289 1115 1510 1151 Victoriae?

109 1191 268 1227 quarum
290 1179 462 1216 omnium
482 1191 607 1215 rerum
627 1179 716 1227 quia
735 1179 789 1216 vis
810 1185 890 1215 erat
910 1185 1026 1225 tanta,
1047 1185 1088 1215 ut
1112 1179 1194 1215 sine
1216 1168 1400 1226 deo'sr‘egi
1430 1191 1509 1215 non

61 1263 92 1287 ις
110 1250 252 1292 posset,
273 1244 355 1292 ipsa
382 1256 441 1280 res
463 1243 624 1280 deorum
655 1255 799 1280 nornen
829 1244 1006 1281 obtinuit.
1065 1243 1155 1291 Quo
1185 1256 1231 1280 ex
1259 1255 1401 1291 genere
1434 1245 1509 1280 Cu·

109 1307 250 1357 pidinis
271 1314 309 1344 et
329 1308 544 1356 Voluptatis
565 1314 603 1344 et
625 1307 864 1345 Lubentinae
885 1308 1046 1345 Veneris
1068 1308 1257 1345 vocabula
1286 1314 1512 1344 consecrata

110 1378 209 1418 sunt,
238 1372 458 1409 vitiosarum
491 1384 616 1408 rerum
647 1383 774 1420 neque
805 1372 1031 1409 naturalium
1046 1386 1057 1419 ;
1092 1384 1325 1420 quamquam
1345 1371 1512 1408 Velleius

111 1436 218 1473 aliter
247 1436 461 1482 existimat,
491 1435 561 1472 sed
592 1443 722 1472 tamen
748 1447 795 1472 ea
824 1436 907 1484 ipsa
928 1437 1019 1472 vitia
1051 1443 1224 1472 naturam
1247 1435 1512 1472 vehementius

111 1512 225 1549 saepe
246 1501 410 1549 pulsant.
467 1501 683 1538 Utilitatum
703 1500 815 1548 igitur
838 1500 1102 1548 magnitudine
1132 1500 1328 1537 constituti
1359 1506 1447 1536 sunt
1478 1500 1512 1536 ei
1530 1508 1562 1533 62

61 1583 94 1600 20
111 1564 163 1610 di,
185 1565 248 1613 qui
269 1565 447 1601 utilitates
467 1576 637 1612 quasque
658 1564 879 1612 gignebant.
935 1565 1062 1612 Atque
1084 1564 1140 1600 his
1161 1563 1319 1612 quidem
1347 1564 1511 1600 nomini-

110 1629 193 1675 bus,
214 1641 312 1677 quae
341 1628 456 1677 paulo
485 1635 574 1665 ante
603 1627 708 1666 dicta
736 1635 835 1674 sunt,
857 1640 955 1677 quae
983 1629 1039 1666 vis
1070 1629 1117 1666 sit
1148 1628 1185 1665 in
1207 1639 1361 1676 quoque
1383 1627 1512 1664 decla-

109 1699 212 1730 ratur
239 1692 328 1730 deo.

165 1757 340 1805 Suscepit
373 1762 502 1793 autem
529 1757 606 1793 vita
636 1756 836 1793 hominum
867 1755 1187 1804 consuetudoque
1219 1756 1448 1801 communis,
1470 1762 1510 1792 ut
1522 1760 1571 1796 24

109 1820 309 1859 beneficiis
329 1821 550 1858 excellentis
571 1822 670 1858 viros
692 1821 729 1857 in
751 1821 901 1857 caelum
922 1821 1022 1857 sama
1041 1833 1088 1857 ac
1107 1821 1302 1857 voluntate
1323 1821 1512 1856 tollerent.

61 1899 92 1924 25
112 1885 219 1922 Hinc
251 1885 454 1930 Hercules,
482 1884 572 1921 hinc
603 1885 740 1922 Castor
772 1891 811 1921 et
841 1885 985 1931 Pollux,
1013 1885 1102 1921 hinc
1130 1884 1392 1933 Aesculapius,
1423 1884 1513 1920 hinc

113 1949 228 1986 Liber
248 1949 362 1986 etiam
388 1948 512 1998 (hunc
532 1948 623 1986 dico
645 1949 826 1986 Liberum
846 1949 998 1987 Semela
1017 1956 1160 1994 natum,
1178 1961 1257 1985 non
1279 1960 1380 1994 eum,
1397 1960 1514 1996 quem

110 2013 228 2050 nostri
248 2013 411 2050 maiores
440 2019 598 2061 auguste
628 2020 838 2061 sancteque
865 2012 1092 2063 [Liberum]
1118 2025 1207 2050 cum
1228 2012 1369 2050 Cerere
1391 2019 1429 2048 et
1452 2012 1511 2048 Li-

110 2077 202 2114 bera
221 2083 553 2122 consecraverunt,
575 2076 682 2125 quod
702 2077 813 2125 quale
834 2078 892 2123 sit,
909 2089 957 2114 ex
977 2077 1163 2126 mysteriis
1184 2076 1353 2124 intellegi
1372 2082 1512 2124 potest.

111 2140 189 2178 Sed
219 2140 325 2189 quod
355 2153 403 2178 ex
432 2141 544 2178 nobis
576 2147 687 2178 natos
717 2141 902 2179 ‘liberos’
932 2142 1182 2190 appellamus,
1204 2140 1351 2177 idcirco
1372 2140 1513 2178 Cerere

62 2225 95 2250 30
112 2205 190 2241 nati
210 2205 395 2242 nominati
415 2211 503 2242 sunt
524 2205 639 2242 Liber
669 2212 707 2242 et
739 2206 889 2251 Libera,
911 2205 1017 2254 quod
1048 2205 1088 2242 in
1120 2205 1259 2242 Libera
1289 2211 1453 2249 servant,
1476 2204 1513 2240 in

112 2271 250 2308 Libero
276 2283 355 2308 non
385 2272 515 2319 item),
541 2272 630 2308 hinc
658 2272 774 2309 etiam
798 2273 997 2318 Romulus,
1020 2284 1136 2320 quem
1156 2271 1315 2320 quidem
1345 2270 1514 2307 eundem

111 2347 194 2373 esse
226 2336 428 2384 Quirinum
458 2343 619 2384 putant3
654 2349 817 2385 quorum
851 2349 940 2373 cum
973 2343 1216 2373 remanerent
1249 2335 1365 2372 animi
1399 2341 1514 2382 atque

111 2400 334 2436 aeternitate
362 2399 585 2446 fruerentur,
606 2400 675 2437 rite
696 2400 737 2437 di
764 2407 853 2438 sunt
881 2400 1012 2446 habiti,
1033 2412 1123 2437 curn
1151 2405 1189 2436 et
1221 2399 1357 2448 optimi
1387 2403 1515 2435 essent

113 2469 151 2500 et
170 2464 326 2501 aeterni.
