1681 2752
69 848 100 865 10

68 1171 98 1195 ¹5

65 1815 97 1839 ²5

67 2134 99 2158 30

67 2453 99 2478 35

425 154 510 185 LIB.
532 155 594 185 111.
639 155 719 185 CAP.
738 155 990 186 XXIII-XXV.
1036 155 1074 196 ἓξ
1094 155 1209 197 58—64.
1438 159 1510 200 155

174 257 278 294 Num
301 268 436 293 censes
456 256 567 304 igitur
586 256 781 292 subtiliore
802 256 948 292 ratione
969 268 1066 304 opus
1086 269 1170 294 esse
1198 257 1247 294 ad
1279 258 1374 295 haec
1404 243 1573 313 refu-{14

119 320 262 358 lenda?
318 321 420 356 Nam
450 327 631 364 mentem,
662 319 792 364 fidem,
814 332 936 367 spem,
958 321 1149 365 virtutem,
1172 321 1372 367 honorem,
1394 325 1513 361 victo-

119 386 225 429 riam,
263 385 436 428 salutem‚
475 383 726 420 concordiam
766 392 970 431 ceteraque
1011 385 1091 421 eius
1130 385 1238 422 modi
1276 398 1402 424 rerum
1437 389 1514 426 vim

119 448 260 485 habere
289 447 476 492 videmus,
507 460 586 484 non
615 447 789 484 deorum.
847 449 922 484 Aut
954 449 1057 484 enim
1089 449 1126 485 in
1160 450 1352 487 nobismet
1387 452 1514 490 insunt

119 512 222 560 ipsis,
251 518 292 548 ut
326 524 447 556 mens,
477 518 517 548 ut
550 523 649 559 spes,
681 519 722 548 ut
752 511 860 556 fides,
892 519 932 548 ut
965 512 1092 557 virtus,
1124 520 1164 549 ut
1196 515 1418 560 concordia,
1450 523 1514 553 aut

118 576 312 625 optandae
343 576 454 613 nobis
485 583 584 620 sunt,
615 583 655 612 ut
685 576 821 620 honos,
852 583 893 612 ut
922 576 1034 622 salus,
1064 584 1105 613 ut
1133 578 1292 614 victoria
1308 592 1317 625 3
1353 592 1514 628 quarum

117 653 244 677 rerum
265 641 465 676 utilitatem
480 639 606 685 video,
623 639 738 676 video
758 640 874 676 etiam
895 648 1123 678 consecrata
1142 642 1344 680 simulacra
1360 657 1370 690 3
1397 656 1514 692 quare

118 712 246 741 autem
276 705 315 741 in
343 705 386 741 iis
407 705 461 740 vis
490 703 652 741 deorum
682 704 781 749 insit,
803 710 885 740 tum
912 704 1145 753 intellegam,
1167 719 1256 743 cum
1277 720 1512 756 cognovero.

119 769 209 816 Quo
229 769 267 805 in
287 780 428 817 genere
448 769 507 805 vel
527 769 692 805 maxime
713 775 770 805 est
793 769 962 805 Fortuna
987 770 1237 816 numeranda,
1259 784 1375 820 quarn
1396 785 1514 810 nemo

118 834 167 870 ab
198 833 454 870 inconstantia
485 840 523 869 et
554 833 767 870 temeritate
800 833 987 882 seiunget,
1020 846 1120 882 quae
1152 834 1269 884 digna
1300 846 1404 874 certe
1436 850 1514 875 non

118 905 205 934 sunt
225 897 313 934 deo.
371 898 564 949 Iamyjero
585 896 678 945 quid
698 909 766 934 vos
787 897 848 933 illa
868 897 1036 935 delectat
1065 900 1271 947 explicatio
1302 901 1514 939 fabularum
1532 916 1566 942 ω

118 969 156 998 et
193 961 376 998 enodatio
414 962 643 998 nominum?
704 962 915 998 Exsectum
954 974 976 998 a
1014 962 1092 1000 filio
1132 964 1306 1009 Caelum,
1342 966 1514 1003 vinctum

118 1025 252 1062 itidem
273 1038 295 1062 a
313 1025 391 1062 filio
412 1026 627 1071 Saturnum,
650 1025 744 1062 haec
766 1033 804 1062 et
824 1026 896 1062 alia
921 1027 1071 1074 generis
1098 1028 1273 1065 eiusdem
1301 1030 1351 1066 ita
1380 1029 1513 1067 defen-

118 1090 217 1135 ditis,
239 1097 280 1127 ut
299 1090 336 1135 ii,
357 1090 422 1138 qui
451 1090 522 1126 ista
550 1090 752 1135 finxerunt,
774 1103 853 1127 non
883 1091 1003 1128 modo
1033 1104 1112 1128 non
1142 1093 1277 1138 insani,
1300 1094 1369 1131 sed
1399 1095 1514 1132 etiam

118 1155 230 1191 fuisse
269 1154 462 1202 sapientes
499 1153 712 1192 videantur.
771 1156 819 1192 In
857 1156 1073 1193 enodandis
1113 1163 1241 1194 autem
1279 1160 1513 1205 nominibus,

117 1218 224 1267 quod
244 1218 504 1255 miserandum
525 1219 583 1263 sit,
605 1218 796 1256 laboratis.
844 1220 1038 1266 Saturnus,
1060 1222 1150 1269 quia
1169 1234 1209 1258 se
1231 1231 1371 1260 saturat
1391 1225 1513 1269 annis,

117 1284 285 1328 Mavors,
307 1284 396 1331 quia
416 1295 556 1330 magna
575 1284 698 1329 vertit,
722 1284 909 1330 Minerva,
931 1286 1022 1333 quia
1041 1286 1178 1323 minuit
1199 1295 1263 1323 aut
1283 1288 1372 1335 quia
1394 1289 1513 1325 mina-

115 1353 187 1393 tur,
221 1348 366 1393 Venus,
400 1348 490 1395 quia
522 1348 626 1384 venit
660 1347 710 1385 ad
744 1349 886 1394 omnia,
922 1349 1040 1387 Ceres
1075 1362 1098 1386 a
1131 1352 1316 1399 gerendo.
1385 1353 1514 1400 Quam

116 1411 332 1460 periculosa
362 1411 629 1449 consuetudo!
689 1413 735 1449 In
762 1413 888 1449 multis
917 1414 1020 1450 enim
1047 1416 1269 1453 nominibus
1297 1416 1513 1454 haerebitis.

118 1475 224 1524 Quid
248 1476 386 1512 Veiovi
414 1476 544 1521 facies,
565 1476 660 1524 quid
680 1477 885 1514 Volcano?
913 1489 1161 1526 quamquam,
1193 1481 1375 1528 quoniam
1408 1482 1514 1530 Nep-

116 1546 253 1577 tunum
273 1553 296 1577 a
315 1540 446 1577 nando
468 1541 704 1588 appellatum
724 1548 848 1589 putas,
869 1542 1015 1579 nullum
1038 1544 1107 1580 erit
1128 1556 1283 1590 nomen,
1305 1545 1412 1593 quod
1437 1558 1516 1583 non

116 1605 239 1654 possis
268 1617 347 1642 una
374 1605 498 1642 littera
527 1605 719 1654 explicare
748 1605 853 1642 unde
883 1606 1044 1643 ductum
1074 1609 1121 1644 sit
1137 1621 1145 1654 3
1181 1609 1219 1644 in
1249 1621 1326 1657 quo
1356 1610 1516 1658 quidem

116 1670 236 1718 magis
265 1676 307 1706 tu
336 1669 429 1706 mihi
457 1676 589 1706 natare
610 1670 711 1706 visus
741 1682 782 1706 es
810 1682 927 1718 quam
947 1671 1028 1719 ipse
1051 1672 1270 1720 Neptunus.
1329 1675 1514 1722 Magnam
1533 1684 1566 1710 63

115 1734 331 1770 molestiam
362 1735 531 1782 suscepit
562 1741 601 1771 et
631 1735 792 1771 minime
821 1736 1077 1772 necessariam
1109 1737 1252 1784 primus
1283 1739 1400 1783 Zeno,
1428 1746 1516 1786 post

116 1798 338 1842 Cleanthes,
361 1797 504 1835 deinde
527 1799 776 1847 Chrysippus,
799 1800 1159 1837 commenticiarum
1187 1801 1399 1838 fabularum
1428 1803 1514 1839 red-

116 1861 207 1899 dere
240 1863 442 1909 rationem‚
473 1863 763 1907 vocabulorum,
797 1875 864 1899 cur
898 1863 1069 1912 quidque
1104 1865 1156 1900 ita
1189 1866 1424 1913 appellatum
1456 1867 1514 1912 sit,

116 1938 250 1963 causas
270 1927 473 1975 explicare.
533 1927 653 1975 Quod
675 1939 764 1964 cum
785 1927 921 1973 facitis,
943 1928 1037 1965 illud
1057 1929 1233 1976 profecto
1262 1930 1513 1975 confitemini,

115 1990 230 2039 longe
264 1991 371 2028 aliter
404 1983 444 2028 se
478 2003 560 2028 rem
594 1991 749 2037 habere,
785 1999 900 2040 atque
935 1992 1138 2029 hominum
1172 1994 1306 2041 opinio
1340 1995 1409 2040 sit;
1449 2007 1515 2032 eos

117 2055 232 2101 enim,
253 2055 319 2103 qui
343 2055 383 2092 di
412 2056 663 2104 appellantur,
685 2068 812 2093 rerum
841 2064 994 2093 naturas
1025 2069 1120 2102 esse,
1142 2070 1223 2094 non
1252 2058 1391 2106 figuras
1421 2058 1515 2096 deo·
1548 2056 1561 2062 κ

116 2131 212 2156 rum.
256 2119 334 2166 Qui
354 2126 480 2156 tantus
501 2132 605 2157 error
624 2120 703 2165 fuit,
726 2127 766 2157 ut
786 2121 1012 2168 perniciosis
1034 2122 1150 2158 etiam
1169 2122 1282 2159 rebus
1302 2134 1382 2159 non
1404 2125 1514 2160 mado
1527 2127 1576 2163 25

116 2194 262 2219 nomen
295 2182 457 2220 deorum
490 2184 729 2229 tn'bueretur,
771 2184 841 2221 sed
879 2185 995 2221 etiam
1034 2197 1142 2222 sacra
1180 2187 1514 2224 constituerentur.

118 2247 250 2283 Febris
279 2247 382 2283 enirn
410 2247 542 2284 fanum
572 2249 610 2284 in
633 2248 778 2285 Palatio
808 2257 845 2285 et
873 2248 1055 2285 Orbonae
1074 2250 1132 2285 ad
1152 2250 1292 2287 aedem
1315 2252 1454 2287 Larum
1477 2259 1515 2288 et

116 2322 221 2346 aram
252 2311 379 2347 Malae
411 2311 603 2348 Fortunae
634 2313 812 2360 Esquiliis
841 2320 1107 2350 consecratam
1128 2314 1317 2351 videmus.
1377 2316 1515 2353 Omnis
1534 2329 1566 2354 64

117 2373 230 2421 igitur
249 2374 331 2411 talis
351 2387 373 2410 a
392 2375 638 2423 philosophia
657 2377 820 2424 pellatur
839 2389 954 2421 error,
971 2385 1023 2422 ut,
1046 2390 1136 2414 cum
1157 2378 1206 2414 de
1228 2378 1286 2415 dis
1308 2379 1514 2416 inmortali-

119 2437 190 2474 bus
223 2437 478 2487 disputemus‚
509 2438 684 2477 dicamus
718 2440 877 2489 indigna
911 2441 979 2489 iis,
1014 2441 1064 2479 de
1099 2443 1237 2490 quibus
1272 2442 1398 2480 habeo
1432 2445 1514 2492 ipse
