1681 2752
439 179 526 211 LIB.
550 179 578 210 1.
623 178 955 209 cmxm-xmn.
1002 178 1223 217 §5114-120.
1471 167 1526 217 67

134 281 252 327 tione,
283 279 389 329 quod
421 279 570 328 gloriari
603 278 743 322 soletis,
774 278 883 314 facile
922 283 979 314 est
1016 277 1176 322 liberari,
1209 289 1297 314 cum
1336 277 1527 314 sustuleris

135 357 292 382 omnem
312 345 387 380 vim
409 343 569 380 deorum
587 356 598 389 ;
627 342 697 378 nisi
727 342 821 378 forte
853 342 1061 389 Diagoram
1092 347 1155 377 aut
1175 340 1440 385 Theodorum,
1462 342 1527 388 qui

135 409 294 445 omnino
316 407 410 444 deos
430 418 513 443 esse
534 406 738 454 negabant,
759 417 894 441 censes
919 405 1201 452 superstitiosos
1231 415 1314 440 esse
1343 405 1526 452 potuisse.

136 473 221 521 Ego
240 484 289 509 ne
310 472 556 519 Protagoram
575 469 747 518 quidem,
769 469 831 505 cui
850 474 1029 505 neutrum
1050 468 1209 513 licuerit,
1231 479 1305 504 nec
1327 479 1410 504 esse
1432 467 1527 505 deos

92 549 107 574 s
134 548 208 573 nec
227 547 306 572 non
327 546 423 572 esse.
480 535 635 571 Horum
656 533 758 569 enim
779 532 992 569 sententiae
1013 532 1187 568 omnium
1217 543 1296 568 non
1325 531 1445 569 modo
1466 545 1525 569 su-

133 600 396 648 perstitionem
416 598 564 643 tollunt,
582 598 619 634 in
640 608 716 645 qua
735 597 834 633 inest
852 596 967 632 timor
986 596 1108 632 inanis
1129 595 1304 641 deorum,
1321 595 1391 633 sed
1411 597 1526 633 etiam

133 664 369 712 religionem,
400 674 499 710 quae
531 661 692 698 deorum
724 661 827 697 cultu
857 660 924 708 pio
955 660 1184 696 continetur.
1242 660 1376 707 Quid?
1406 661 1441 706 ii,
1462 662 1586 708 quius

134 727 311 764 dixerunt
339 733 461 763 totam
485 724 534 762 de
564 724 623 762 dis
652 724 915 761 inmortalibus
944 724 1170 772 opinionem
1202 724 1332 761 fictam
1364 736 1447 762 esse
1479 725 1527 762 ab

133 791 352 828 hominibus
386 789 621 838 sapientibus
654 788 708 824 rei
742 788 919 836 publicae
952 800 1080 833 causa,
1109 794 1162 834 ut,
1193 800 1290 836 quos
1321 789 1416 825 ratio
1447 801 1527 826 non

85 871 117 888 ιο
134 861 276 904 posset,
298 866 364 891 eos
395 853 444 890 ad
473 853 644 890 officium
672 852 804 900 religio
837 851 1009 897 duceret,
1029 864 1159 889 nonne
1193 864 1351 889 omnem
1377 853 1525 901 religio-

133 931 225 955 nem
253 917 422 955 funditus
451 917 710 954 sustulerunt?
767 916 900 964 Quid?
930 916 1114 953 Prodicus
1136 917 1240 962 Cius,
1262 917 1327 965 qui
1348 929 1405 963 ea,
1426 929 1526 965 quae

133 982 362 1032 prodessent
381 982 582 1019 hominum
602 982 713 1027 vitae,
735 980 898 1018 deorum
919 981 958 1018 in
977 993 1138 1018 numero
1159 981 1287 1018 habita
1315 993 1398 1018 esse
1419 981 1524 1027 dixit,

133 1059 249 1096 quam
281 1045 441 1084 tandem
475 1046 698 1094 religionem
732 1046 909 1094 reliquit?
965 1045 1100 1093 Quid?
1132 1045 1198 1093 qui
1228 1053 1292 1082 aut
1325 1045 1429 1082 sortis
1462 1052 1585 1082 aut119

133 1112 254 1148 claros
291 1117 355 1148 aut
392 1111 561 1159 potentis
594 1111 693 1147 viros
726 1109 881 1147 tradunt
915 1117 1004 1159 post
1036 1117 1201 1147 mortem
1233 1109 1284 1146 ad
1315 1109 1410 1146 deos
1440 1122 1524 1158 per-

84 1195 114 1219 15
131 1177 292 1222 venisse,
314 1187 457 1223 eosque
478 1187 561 1212 esse
588 1175 704 1223 ipsos,
725 1187 822 1223 quos
851 1187 922 1211 nos
951 1175 1090 1220 colere,
1111 1174 1259 1223 precari
1277 1175 1525 1222 venerarique

132 1241 334 1286 soleamus,
355 1252 486 1277 nonne
513 1246 687 1288 expertes
716 1245 804 1276 sunt
822 1238 1049 1286 religionum
1069 1238 1271 1275 omniurn?
1299 1250 1398 1286 quae
1429 1239 1524 1276 ratio

132 1305 298 1342 maxime
319 1310 479 1341 tractata
498 1304 547 1341 ab
568 1303 790 1341 Euhemero
814 1309 883 1348 est,
905 1315 1022 1351 quern
1050 1310 1180 1339 noster
1199 1309 1237 1339 et
1258 1302 1525 1350 interpretatus

117 1376 171 1406 *et
191 1376 344 1406 secutus
365 1375 423 1406 est
442 1375 593 1417 praeter
612 1375 761 1404 ceteros
783 1367 943 1404 Ennius.
1000 1366 1061 1404 Ab
1083 1366 1303 1403 Euhemero
1331 1373 1461 1403 autem
1490 1374 1528 1403 et

132 1441 274 1471 mortes
299 1441 336 1470 et
359 1433 574 1481 sepulturae
595 1431 907 1469 demonstrantur
925 1430 1100 1468 deorum.
1155 1431 1296 1468 Utrum
1324 1430 1436 1478 igitur
1463 1430 1528 1467 hic

82 1498 380 1535 20confirmasse
412 1496 562 1534 videtur
597 1496 824 1544 religionem
860 1507 910 1532 an
946 1495 1099 1543 penitus
1136 1500 1259 1531 totam
1305 1495 1529 1532 sustulisse?

132 1563 281 1601 Omitto
312 1562 533 1599 Eleusinem
561 1567 734 1598 sanctam
763 1559 867 1596 illam
896 1566 934 1596 et
961 1565 1174 1608 augustam,

304 1644 398 1683 Ubi
426 1643 685 1681 initiantur
711 1643 882 1691 gentes
911 1653 1099 1678 orarum
1129 1640 1352 1687 ultimae,

130 1733 330 1776 praetereo
351 1724 652 1763 Samothraciam
673 1735 808 1772 eaque,
829 1735 928 1771 quae
950 1723 1088 1760 Lemni

304 1809 560 1846 Nocturno
589 1806 724 1844 aditu
754 1805 952 1843 occulta
979 1806 1226 1851 coluntur,

81 1893 112 1918 25
357 1871 675 1910 Silvestribus
705 1871 935 1919 saepibus
964 1869 1133 1907 densa.

132 1955 282 2003 Quibus
302 1954 500 2003 explicatis
519 1952 570 1990 ad
588 1953 855 2000 rationemque
875 1952 1063 1989 revocatis
1086 1964 1214 1989 rerum
1243 1953 1363 2001 magis
1393 1959 1527 1989 natura

131 2019 377 2068 cognoscitur
395 2030 511 2066 quam
532 2017 706 2054 deorum.

185 2083 283 2120 Mihi
304 2082 464 2131 quidem
484 2082 600 2118 etiam
630 2081 890 2126 Democritus,
911 2081 966 2117 vir
993 2093 1155 2128 magnus
1185 2080 1224 2117 in
1253 2081 1395 2129 primis,
1417 2081 1524 2117 cuius
1541 2077 1590 2113 43

130 2147 299 2184 fontibus
320 2146 510 2195 Epicurus
533 2145 705 2182 hortulos
734 2157 823 2182 suos
852 2145 1037 2193 inrigavit,
1059 2151 1192 2181 nutare
1211 2144 1363 2181 videtur
1391 2145 1429 2181 in
1458 2157 1524 2180 na·
1560 2131 1573 2143 ⁰

83 2231 115 2255 30
130 2216 214 2247 tura
233 2209 406 2247 deorum.
461 2210 564 2247 Tum
593 2209 697 2246 enim
728 2215 860 2246 censet
890 2209 1075 2257 imagines
1107 2207 1303 2245 divinitate
1330 2208 1522 2256 praeditas

130 2274 254 2311 inesse
274 2274 314 2311 in
331 2274 574 2311 universitate
603 2285 741 2318 rerum,
763 2280 844 2310 tum
873 2273 1062 2321 principia
1081 2272 1233 2317 mentis,
1254 2284 1353 2320 quae
1383 2272 1457 2308 sint
1487 2272 1525 2308 in

131 2337 273 2374 eodem
291 2338 480 2383 universo,
503 2337 599 2374 deos
619 2349 702 2374 esse
724 2336 828 2382 dicit,
849 2343 931 2373 tum
963 2337 1177 2373 animantes
1208 2336 1404 2383 imagines,
1425 2348 1524 2383 quae

130 2401 192 2438 vel
219 2400 404 2450 prodesse
434 2401 546 2438 nobis
579 2401 727 2438 soleant
757 2400 819 2437 vel
850 2412 1004 2446 nocere,
1025 2406 1107 2436 tum
1140 2400 1304 2447 ingentis
1337 2399 1525 2447 quasdam

104 2464 318 2514 ,imagines
352 2470 568 2513 tantasque,
595 2470 638 2501 ut
664 2463 886 2501 universum
915 2463 1106 2500 mundum
1135 2463 1430 2512 conplectantur
1459 2475 1523 2500 ex-
