1681 2752
354 171 525 201 L113.111.
574 172 655 202 cm».
676 171 841 208 xxvni,
859 171 988 201 xxix.
1039 172 1078 210 §5-
1097 172 1214 211 69-73.
1427 169 1505 212 159

110 284 207 318 mus,
228 272 258 309 si
285 272 405 309 modo
433 272 631 317 habemus,
652 271 796 309 bonam
817 278 946 309 autem
966 272 1156 308 rationem
1177 279 1242 308 aut
1261 283 1340 308 non
1361 271 1504 308 bonam

110 349 134 373 a
161 337 284 374 nobis.
342 337 433 373 Non
463 337 579 381 enim,
610 342 651 372 ut
679 336 953 384 patrimonium
983 336 1218 384 relinquitur,
1240 336 1295 372 sic
1325 336 1418 371 ratio
1449 343 1506 372 est

111 400 256 436 homini
286 400 476 437 beneficio
506 400 668 437 deorum
700 399 800 437 data.
859 399 965 448 Quid
996 401 1098 436 enim
1129 401 1256 448 potius
1286 400 1505 436 hominibus

111 464 319 509 dedissent,
342 465 371 500 si
393 465 435 500 iis
457 476 597 500 nocere
618 464 854 501 voluissent?
912 465 1122 501 Iniustitiae
1152 472 1293 509 autem,
1317 465 1503 512 intempe-

69 544 83 568 s
111 529 265 573 rantiae,
298 528 508 565 timiditatis
540 541 638 576 quae
670 529 819 565 semina
850 536 989 575 essent,
1022 529 1052 566 si
1084 529 1141 566 his
1172 530 1270 565 vitiis
1301 529 1395 565 ratio
1427 540 1504 565 non

109 593 310 629 subesset?
367 592 510 629 Medea
530 592 650 629 modo
672 600 709 629 et
730 595 866 629 Atreus
895 594 1300 630 commemorabantur
1329 605 1351 629 a
1379 593 1502 638 nobis,
1515 599 1564 634 29

110 656 288 693 heroicae
322 668 523 705 personae,
559 657 651 693 inita
688 656 957 706 subductaque
995 658 1142 694 ratione
1180 657 1325 694 nefaria
1362 657 1507 694 scelera

111 720 354 758 meditantes.
414 721 547 768 Quid?
580 721 751 758 levitates
778 722 952 758 comicae
982 734 1169 770 parumne
1199 733 1354 770 semper
1382 722 1418 757 in
1449 733 1504 757 ra·
1525 734 1556 760 τε

110 785 214 821 tione
236 787 459 822 versantur?
486 797 672 834 parumne
693 785 880 823 subtiliter
900 785 1070 834 disputat
1090 786 1150 822 ille
1172 786 1211 822 in
1232 785 1454 822 Eunucho?

62 889 94 905 ιο
220 871 346 919 Quid
377 872 522 920 igitur
551 872 754 909 faciam?
774 900 939 910 ......

221 936 461 982 Exclusit,
499 942 721 983 revocat3
764 936 985 974 redeam?
1027 948 1139 982 non,
1178 936 1216 974 si
1254 948 1325 973 me
1365 936 1505 973 obse-

1123 1006 1238 1038 eret.

113 1099 180 1136 Ille
209 1110 299 1135 vero
328 1099 367 1135 in
396 1098 634 1146 Synephebis
664 1098 990 1136 Academicorum
1019 1110 1126 1135 more
1161 1104 1298 1135 contra
1329 1110 1504 1135 commu-

111 1175 201 1199 nem
231 1163 456 1211 opinionem
485 1175 564 1199 non
594 1162 744 1199 dubitat
772 1175 944 1211 pugnare
970 1163 1130 1208 ratione,
1152 1163 1217 1210 qui
1247 1165 1256 1180 ‘
1271 1163 1316 1199 in
1345 1175 1368 1199 a
1378 1175 1415 1199 m
1425 1175 1449 1199 ο
1458 1175 1474 1199 r
1484 1174 1506 1199 e

63 1241 92 1265 ιε
111 1239 290 1264 summo
320 1238 597 1275 summaque
626 1227 793 1276 inopia
821 1239 963 1264 suave
993 1238 1099 1263 esse
1115 1228 1123 1242 ’
1153 1226 1249 1263 dicit

219 1315 472 1351 Parentem
509 1313 686 1351 habere
724 1315 935 1360 avarum,
973 1313 1265 1362 inlepidum,
1300 1313 1346 1351 in
1383 1313 1505 1351 libe-

1120 1390 1197 1415 ros

219 1442 514 1489 Difficilem,
544 1442 624 1491 qui
653 1448 698 1479 te
730 1444 819 1479 nec
848 1448 973 1479 amet
1001 1453 1090 1479 nec
1120 1442 1317 1480 studeat
1345 1443 1433 1480 tui.

112 1539 238 1586 Atque
259 1537 348 1575 huic
369 1537 583 1575 incredibili
604 1538 817 1574 sententiae
838 1537 1069 1574 ratiunculas
1090 1537 1258 1585 suggerit
1275 1552 1283 1574 :
1524 1553 1556 1580 73

62 1653 94 1669 20
218 1637 308 1672 Aut
337 1642 383 1672 tu
415 1635 547 1672 illum
576 1636 737 1672 fructu
767 1635 908 1672 fallas
939 1642 1017 1672 aut
1045 1647 1129 1684 per
1156 1635 1353 1672 litteras

218 1701 418 1736 Avertas
447 1699 646 1747 aliquod
675 1702 850 1736 nemen
879 1706 958 1736 aut
986 1711 1071 1748 per
1099 1699 1341 1736 servolum

220 1763 468 1800 Percutias
498 1762 743 1812 pavidum,
776 1766 1022 1812 postremo
1053 1775 1075 1800 a
1103 1766 1250 1812 parco
1280 1770 1417 1812 patre

219 1827 359 1876 Quod
388 1830 562 1874 sumas,
592 1834 774 1876 quanto
804 1827 1017 1876 dissipes
1046 1828 1309 1865 libentius!

113 1927 301 1976 Idemque
322 1928 474 1965 facilem
495 1934 533 1964 et
552 1927 749 1965 liberalem
768 1933 918 1975 patrem
938 1924 1232 1962 incommodum
1254 1937 1337 1962 esse
1363 1926 1507 1962 amanti

62 2004 93 2028 25
112 1991 189 2028 filio
209 1990 389 2040 disputat,

221 2078 371 2125 Quem
408 2079 564 2127 neque
604 2090 696 2127 quo
734 2084 879 2127 pacto
918 2077 1081 2114 fallam
1118 2088 1207 2113 nec
1245 2075 1362 2124 quid
1394 2075 1506 2113 inde

1125 2141 1336 2177 auferam

220 2205 320 2242 Nec
358 2207 495 2254 quem
533 2205 694 2244 dolum
733 2205 791 2243 ad
824 2218 928 2243 eum
962 2211 1041 2242 aut
1076 2205 1345 2242 machinam
1379 2217 1505 2241 com-

1122 2269 1314 2314 moliar,

62 2350 94 2374 30
219 2333 328 2370 Scio
366 2335 650 2382 quicquam3
690 2333 758 2371 ita
794 2345 959 2371 omnes
998 2335 1128 2370 me'os
1168 2332 1328 2378 dolos,
1368 2332 1505 2369 falla-

1126 2405 1244 2437 C1as,

219 2457 540 2506 Praestrigias
568 2458 887 2506 praestrinxit
916 2456 1238 2495 commoditas
1269 2457 1433 2505 patris.
