1681 2752
470 181 554 211 LIB.
574 180 619 211 11.
665 180 746 211 CAP.
769 181 889 213 XLIV.
933 180 972 220 ἓξ
995 187 1151 219 112-114.
1430 180 1502 221 115

111 284 218 321 Hinc
238 289 367 320 autem
387 283 580 331 aspicitur,
1521 290 1567 315 113

215 360 277 397 Ut
305 370 409 395 sese
439 357 706 395 ostendens
736 357 939 405 emergit
970 357 1198 405 Scorpios
1229 356 1323 392 alte

218 423 494 460 Posteriore
524 421 720 458 trahens
750 422 942 469 plexum
972 422 1014 457 vi
1045 421 1266 468 corporis
1297 433 1478 466 arcum,

218 488 368 535 Quem
398 492 598 534 propter
627 486 788 522 nitens
819 485 982 533 pinnis
1011 485 1322 521 convolvitur
1352 485 1483 522 Ales.

68 557 83 581 ⁵
217 554 274 588 At
302 557 502 600 propter
530 562 577 587 se
608 550 783 597 Aquila
812 549 1004 586 ardenti
1035 562 1138 586 cum
1168 561 1373 598 corpore
1403 561 1510 598 por-

1180 620 1268 651 tat.

112 668 267 707 Deinde
290 668 520 716 Delphinus,

220 754 406 792 Exinde
437 755 588 792 Orion
618 755 820 803 obliquo
850 766 1055 803 corpore
1085 754 1268 791 nitens.

113 842 242 891 Quem
263 842 502 890 subsequens
1525 852 1570 877 114

64 941 95 958 ιο
222 928 455 965 Fervidus
486 929 567 965 ille
599 929 744 967 Canis
775 929 1026 966 stellarum
1055 928 1162 965 luce
1193 928 1424 976 refulget.

114 1016 206 1053 Post
228 1016 356 1064 Lepus
376 1016 621 1064 subsequitur

222 1102 528 1140 Curriculum
558 1115 814 1151 numquam
844 1102 1040 1140 defesso
1069 1114 1275 1150 corpore
1304 1101 1501 1139 sedans.

223 1167 444 1204 AtCanis
469 1167 525 1203 ad
557 1166 759 1203 caudam
788 1179 988 1215 serpens
1018 1166 1515 1214 prolabiturArgo....

226 1233 363 1268 Hanc
394 1232 529 1268 Aries
560 1232 682 1280 tegit
711 1238 756 1268 et
786 1243 1044 1279 squamoso
1074 1243 1279 1279 corpore
1311 1230 1476 1267 Pisces

68 1311 99 1336 ιε
226 1297 460 1333 Fluminis
490 1296 685 1333 inlustri
715 1302 995 1344 tangentem
1025 1307 1230 1344 corpore
1260 1296 1409 1343 ripas.

119 1383 248 1432 Quem
268 1383 381 1431 longe
403 1390 622 1432 serpentem
643 1390 681 1420 et
701 1385 923 1419 manantem
943 1383 1107 1431 aspicies

770 1481 1074 1518 proceraque
1103 1469 1276 1505 Vincla
1304 1467 1516 1513 videbis,

227 1534 359 1582 Quae
414 1535 630 1571 retinent
675 1534 840 1571 Pisces
888 1534 1149 1570 caudarum
1196 1546 1218 1570 a
1265 1539 1401 1581 parte
1450 1533 1517 1569 lo-

1189 1605 1375 1634 cata....

70 1675 104 1692 ²0
229 1662 348 1700 Inde
379 1663 544 1711 Nepae
575 1675 744 1700 cernes
773 1669 973 1711 propter
1001 1662 1236 1710 fulgentis
1266 1673 1468 1698 acumen

228 1729 377 1773 Aram,
407 1740 545 1776 quam
574 1728 693 1764 flatu
723 1727 995 1776 permulcet
1025 1727 1226 1775 spiritus
1257 1727 1429 1763 austri.

122 1803 358 1852 Propterque
379 1803 594 1841 Centaurus

228 1878 372 1916 Cedit
394 1879 514 1927 Equi
544 1878 696 1927 partis
725 1890 986 1927 properans
1016 1878 1310 1926 subiungere
1333 1877 1518 1915 Chelis.

230 1942 323 1979 Hic
371 1942 589 1980 dextram
636 1955 866 1992 porgens,
915 1942 1193 1991 quadrupes
1250 1954 1342 1990 qua
1386 1949 1521 1979 vasta

1189 2013 1401 2052 tenetur,

226 2070 406 2108 Tendit
432 2078 478 2108 et
504 2072 758 2109 inlustrem
785 2070 1094 2108 truculentus
1121 2070 1253 2108 cedit
1280 2070 1337 2107 ad
1357 2072 1520 2117 Aram3

230 2132 324 2168 Hic
353 2144 457 2169 sese
487 2132 692 2169 infernis
723 2144 744 2168 e
773 2132 994 2180 partibus
1024 2131 1168 2179 erigit
1199 2129 1385 2179 Hydra,

71 2028 103 2052 25

123 2206 231 2243 cuius
250 2206 365 2255 longe
385 2219 525 2255 corpus
546 2214 604 2244 est
623 2208 761 2253 fusum,

232 2282 285 2318 In
313 2282 573 2330 medioque
603 2283 708 2319 sinu
738 2283 929 2331 fulgens
960 2283 1160 2320 Cratera
1188 2282 1395 2319 relucet.

73 2363 106 2386 30
232 2347 505 2383 Extremam
533 2347 694 2384 nitens
722 2347 939 2395 plumato
969 2358 1174 2395 corpore
1205 2347 1387 2384 Corvus

231 2410 401 2447 Rostro
429 2410 610 2456 tundit,
641 2418 686 2448 et
715 2411 793 2448 hic
821 2411 1039 2449 Geminis
1075 2418 1146 2447 est
1176 2411 1257 2447 ille
1287 2411 1372 2447 sub
1401 2410 1520 2458 ipsis

230 2475 352 2511 Ante
380 2476 576 2521 Canem,
605 2475 826 2524 Προκύων
853 2476 999 2513 Graio
1026 2476 1106 2522 qui
1135 2475 1328 2512 nomine
1354 2475 1520 2511 fertur.
