1681 2752
475 174 558 204 11113.
578 175 623 205 11.
668 175 747 205 (ΖΑΓ.
765 175 806 212 X,
825 176 885 206 XI.
932 176 971 215 §5
992 184 1106 215 24—30.
1435 169 1488 218 87

91 274 196 312 tione
237 276 488 313 recalescunt.
556 276 646 324 Ipse
689 288 779 313 vero
823 277 898 321 aer,
941 277 1007 324 qui
1050 283 1184 313 natura
1226 283 1282 314 est
1322 278 1488 314 maxime

91 339 259 388 frigidus,
281 340 438 376 minime
459 345 516 376 est
545 351 680 388 expers
711 340 872 387 caloris;
903 341 962 377 ille
993 352 1082 377 vero
1112 347 1150 377 et
1179 341 1300 378 multo
1329 341 1488 389 quidem

91 405 217 442 calore
238 404 430 441 admixtus
452 412 533 451 est3
565 405 645 453 ipse
667 405 770 442 enirn
791 406 908 442 oritur
928 418 975 441 ex
996 406 1244 453 respiratione
1275 418 1460 453 aquarum
1478 420 1485 449 ;

91 481 222 505 earum
252 469 356 504 enim
385 469 492 516 quasi
522 481 640 516 vapor
673 468 830 516 quidam
860 469 924 506 ae'r
955 469 1157 506 habendus
1187 477 1269 516 est,
1301 471 1330 506 is
1359 480 1488 507 autem

49 543 62 566 ⁵
90 533 214 569 existit
247 539 354 568 motu
389 533 468 568 eius
503 533 648 577 caloris,
679 533 743 580 qui
773 533 881 580 aquis
911 533 1142 570 continetur.
1201 536 1329 581 Quam
1359 535 1487 571 simili-

88 596 264 633 tudinem
303 608 459 632 cernere
503 608 706 644 possumus
748 597 786 633 in
828 597 872 633 iis
913 597 1035 645 aquis,
1079 610 1177 645 quae
1223 599 1488 636 ecfervescunt

88 655 248 693 subditis
280 655 441 704 ignibus.
510 656 592 692 Iam
624 668 715 693 vero
746 657 892 704 reliqua
921 665 1055 705 quarta
1083 669 1168 706 pars
1198 658 1345 703 mundi,
1375 670 1421 694 ea
1450 666 1487 695 et

88 720 170 768 ipsa
189 726 271 756 tota
289 726 423 756 natura
442 719 586 756 fervida
607 726 663 756 est
684 726 721 756 et
742 721 880 757 ceteris
901 721 1041 758 naturis
1072 721 1252 759 omnibus
1283 723 1486 759 salutarem

88 784 241 832 inpertit
268 789 306 820 et
331 783 484 820 vitalem
512 784 690 821 calorem.
750 785 810 821 Ex
838 796 916 832 quo
945 785 1201 831 concluditur,
1232 798 1321 822 cum
1351 798 1485 823 omnes
1503 797 1537 821 23

39 863 70 880 ιο
89 847 223 885 mundi
252 854 380 896 partes
403 848 660 885 sustineantur
689 849 827 894 calore,
858 849 1047 886 mundum
1077 850 1192 886 etiarn
1222 850 1347 898 ipsum
1377 851 1487 887 simili

88 913 245 961 parique
265 919 400 949 natura
420 912 458 949 in
478 919 584 949 tanta
605 912 853 950 diuturnitate
879 914 1028 958 servari,
1059 926 1185 962 eoque
1215 915 1348 962 magis,
1379 914 1487 961 quod

87 977 254 1026 intellegi
278 976 396 1014 debet
426 976 594 1014 calidum
627 977 720 1014 illud
748 984 863 1026 atque
892 978 1048 1026 igneum
1078 978 1130 1014 ita
1158 978 1196 1014 in
1226 979 1331 1015 omni
1361 978 1486 1014 fusum

88 1054 173 1079 esse
193 1048 339 1087 natura,
360 1048 402 1078 ut
430 1042 469 1078 in
499 1054 546 1078 eo
577 1042 665 1078 insit
694 1041 923 1090 procreandi
951 1042 1006 1078 vis
1036 1048 1073 1078 et
1102 1054 1220 1078 causa
1247 1042 1442 1090 gignendi,
1464 1054 1489 1078 a
1508 1053 1539 1062 ³

87 1118 165 1154 quo
187 1113 223 1143 et
243 1106 452 1142 animantia
472 1106 603 1143 omnia
624 1112 661 1142 et
681 1118 738 1151 ea,
759 1118 925 1154 quorum
945 1106 1081 1154 stirpes
1101 1112 1199 1142 terra
1227 1106 1485 1152 continentur,

38 1183 68 1207 1⁵
87 1177 126 1208 et
145 1171 251 1207 nasci
271 1171 317 1207 sit
337 1183 497 1208 necesse
519 1177 558 1207 et
577 1182 798 1219 augescere.

141 1236 288 1272 Natura
315 1241 373 1272 est
401 1235 523 1283 igitur,
545 1247 643 1283 quae
675 1235 872 1272 contineat
902 1234 1092 1271 mundum
1125 1246 1283 1271 omnem
1315 1246 1481 1282 eumque
1493 1224 1538 1292 {g

86 1306 248 1345 tueatur,
269 1305 307 1336 et
335 1311 382 1336 ea
409 1298 568 1347 quidem
597 1311 676 1336 non
709 1299 790 1336 sine
822 1311 936 1336 sensu
971 1305 1086 1347 atque
1119 1299 1267 1335 ratione
1282 1312 1292 1345 ,·
1324 1310 1484 1335 omnem
1503 1284 1551 1323 ‘-

87 1364 190 1401 enim
209 1370 384 1401 naturam
404 1375 564 1400 necesse
585 1370 654 1409 est,
676 1375 774 1412 quae
795 1375 874 1400 non
894 1363 1059 1400 solitaria
1084 1363 1131 1399 sit
1159 1374 1287 1410 neque
1308 1363 1483 1410 simplex,

86 1428 156 1466 sed
179 1440 270 1465 curn
298 1428 372 1465 alio
401 1428 532 1465 iuncta
560 1434 675 1475 atque
706 1439 867 1472 conexa,
889 1427 1030 1464 habere
1054 1427 1221 1474 aliquem
1248 1427 1288 1463 in
1315 1439 1355 1463 se
1381 1427 1483 1475 prin-

37 1508 69 1525 20
87 1493 270 1541 cipatum,
309 1498 351 1529 ut
397 1493 436 1529 in
482 1491 640 1529 homine
679 1498 862 1536 mentem,
905 1491 942 1527 in
980 1491 1095 1528 belua
1132 1490 1322 1538 quiddam
1362 1491 1484 1528 simile

85 1557 236 1603 mentis,
257 1556 362 1593 unde
391 1556 560 1593 oriantur
587 1568 713 1592 rerum
743 1555 946 1603 adpetitus.
1004 1556 1050 1591 In
1079 1555 1257 1591 arborum
1286 1561 1415 1592 autern
1447 1562 1485 1591 et

85 1633 216 1658 earum
247 1633 385 1666 rerum,
417 1632 515 1669 quae
554 1621 759 1668 gignuntur
796 1632 816 1656 e
855 1626 964 1665 terra,
996 1619 1188 1656 radicibus
1223 1619 1347 1656 inesse
1381 1619 1483 1667 prin-

85 1687 234 1734 cipatus
280 1691 445 1734 putatur.
503 1684 764 1732 Principatum
813 1690 942 1720 autem
981 1683 1020 1720 id
1059 1683 1162 1729 dico,
1197 1683 1305 1731 quod
1343 1684 1484 1721 Graeci

83 1748 298 1801 ἡγεμονικόν
316 1755 469 1795 vocant,
490 1760 569 1796 quo
597 1748 691 1785 nihil
721 1749 758 1784 in
789 1760 945 1796 quoque
977 1760 1117 1796 genere
1148 1760 1221 1784 nec
1250 1755 1378 1796 potest
1408 1760 1483 1784 nec

34 1828 66 1852 25
84 1813 201 1852 debet
232 1825 314 1851 esse
348 1813 614 1862 praestantius.
674 1813 734 1849 Ita
765 1824 927 1849 necesse
962 1819 1020 1849 est
1052 1811 1147 1849 illud
1182 1813 1309 1858 etiam,
1339 1812 1379 1848 in
1405 1825 1482 1860 quo

83 1879 130 1916 sit
167 1879 283 1916 totius
321 1884 478 1914 naturae
515 1877 763 1926 principatus,
795 1889 877 1914 esse
917 1877 1092 1914 omnium
1130 1877 1321 1925 optimum
1359 1877 1482 1913 omni-

82 1955 226 1992 umque
259 1955 386 1980 rerum
419 1948 610 1991 potestate
645 1941 923 1989 dominatuque
959 1941 1238 1990 dignissimum.
1294 1941 1532 1978 Videmusao

83 2014 212 2045 autern
232 2008 271 2045 in
290 2007 462 2056 partibus
483 2006 618 2044 mundi
645 2006 758 2056 (nihil
778 2012 836 2043 est
855 2006 959 2043 enim
988 2006 1026 2042 in
1056 2006 1163 2043 omni
1192 2004 1352 2052 mundo,
1374 2005 1481 2054 quod

82 2085 161 2109 non
189 2084 276 2121 pars
304 2071 470 2108 universi
500 2070 566 2120 sit)
602 2071 727 2108 inesse
762 2083 918 2108 sensum
947 2077 1062 2119 atque
1095 2071 1296 2107 rationem.
1355 2070 1402 2106 In
1435 2082 1481 2106 ea

33 2156 66 2180 30
83 2143 189 2185 parte
233 2137 355 2185 igitur,
395 2136 433 2172 in
471 2148 548 2184 qua
593 2134 730 2172 mundi
776 2135 874 2171 inest
921 2134 1170 2183 principatus,
1210 2133 1307 2170 haec
1355 2134 1479 2170 inesse

82 2213 241 2238 necesse
261 2207 330 2246 est,
352 2207 390 2237 et
409 2201 556 2237 acriora
574 2200 733 2248 quidem
754 2206 870 2248 atque
890 2200 1046 2236 maiora.
1106 2199 1301 2246 Quocirca
1329 2199 1478 2246 sapien-

82 2271 160 2302 tem
199 2277 282 2302 esse
320 2264 511 2302 mundum
549 2276 707 2302 necesse
748 2271 816 2309 est,
855 2270 1108 2312 naturamque
1149 2276 1246 2307 eam,
1283 2275 1381 2310 quae
1419 2275 1478 2298 res

83 2341 218 2366 omnes
256 2329 447 2377 conplexa
483 2335 625 2374 teneat,
657 2329 893 2377 perfectione
931 2329 1088 2364 rationis
1122 2327 1321 2369 excellere,
1353 2338 1476 2373 eoque

84 2392 199 2430 deum
221 2405 304 2429 esse
325 2392 526 2438 mundum,
547 2404 783 2441 omnemque
803 2393 880 2429 vim
909 2392 1044 2429 mundi
1072 2399 1207 2428 natura
1227 2391 1356 2427 divina
1385 2403 1477 2427 con—

34 2474 65 2498 35
82 2457 204 2495 tineri.
260 2457 386 2504 Atque
416 2456 532 2493 etiam
560 2455 696 2494 mundi
726 2456 786 2493 ille
817 2456 941 2493 fervor
970 2456 1110 2504 purior,
1132 2454 1364 2502 perlucidior
1395 2467 1475 2491 mo-

1507 352 1522 376 to

1524 352 1539 377 *⁴1
