1714 2807
138 478 156 513 1

142 523 159 547 3

201 190 280 240 146
631 200 694 231 DE
724 200 913 231 NATURA
943 199 1152 231 DEORUM.

195 308 480 347 convertuntur,
501 301 608 349 quod
629 302 681 347 fit,
703 313 792 338 cum
813 308 910 338 terra
932 301 969 338 in
990 313 1129 349 aquam
1156 312 1197 338 se
1218 301 1340 347 vertit,
1361 307 1400 338 et
1425 313 1513 338 cum
1541 313 1590 338 ex

194 378 294 414 aqua
322 367 439 403 oritur
467 366 543 411 aer,
565 378 613 402 ex
642 365 728 402 aere
758 366 901 409 aether,
927 377 1094 414 cumque
1125 365 1263 402 eadem
1292 365 1459 402 vicissim
1488 372 1588 402 retro

194 437 429 467 commeant.
488 429 638 478 Quodsi
666 442 712 466 ea
740 431 942 474 intereunt,
964 441 985 466 e
1015 430 1152 477 quibus
1182 436 1333 466 constat
1362 441 1478 466 omne
1507 429 1586 466 ani-

159 479 282 548 }mal,
304 495 449 531 nullum
480 501 537 531 est
566 494 707 530 animal
735 494 1025 542 sempiternum.
1086 495 1134 530 Et
1160 501 1199 530 ut
1230 494 1326 530 haec
1353 494 1586 539 omittamus,

193 566 324 596 tamen
352 559 494 595 animal
525 559 671 595 nullum
701 558 860 594 inveniri
890 564 1028 606 potest,
1051 557 1156 606 quod
1187 569 1312 606 neque
1343 565 1474 594 natum
1504 570 1586 594 um-
1614 571 1628 595 5

193 635 309 671 quam
339 623 385 660 sit
419 630 457 659 et
486 635 639 671 semper
667 623 713 659 sit
743 623 920 658 futurum.
979 622 1107 659 Omne
1141 622 1244 658 enim
1278 622 1419 658 animal
1452 633 1586 658 sensus

194 687 334 734 habet;
365 687 479 724 sentit
501 687 612 735 igitur
631 694 668 723 et
689 686 814 722 calida
838 694 875 722 et
903 686 1036 734 frigida
1065 693 1103 722 et
1133 685 1259 722 dulcia
1289 693 1326 722 et
1355 698 1485 722 amara
1513 698 1586 722 nec

193 758 321 799 potest
350 752 427 788 ullo
456 763 570 788 sensu
599 751 768 788 iucunda
794 751 984 798 accipere,
1006 762 1085 787 non
1113 751 1290 798 accipere
1311 751 1524 796 contraria3
1555 751 1586 787 si

193 816 305 864 igitur
323 816 528 863 voluptatis
552 828 706 852 sensum
735 816 849 863 capit,
871 814 1014 851 doloris
1035 815 1150 852 etiam
1171 815 1274 862 capit
1290 828 1300 860 ;
1330 814 1436 862 quod
1456 822 1585 851 autem

193 879 367 916 dolorem
395 880 548 928 accipit,
570 879 609 916 id
636 880 800 927 accipiat
825 879 939 915 etiam
961 879 1154 915 interitum
1174 890 1335 915 necesse
1357 885 1438 924 est3
1469 890 1584 915 omne
1606 895 1637 911 ιο

141 953 173 979 33
194 944 304 992 igitur
332 944 473 980 animal
503 943 768 980 confitendum
791 950 847 979 est
873 955 955 979 esse
978 943 1149 979 mortale.
1210 944 1421 987 Praeterea,
1442 943 1472 979 si
1492 942 1586 991 quid

192 1015 261 1054 est,
283 1007 391 1056 quod
420 1020 493 1045 nec
523 1009 759 1056 voluptatem
790 1008 928 1044 sentiat
957 1020 1030 1044 nec
1060 1007 1247 1053 dolorem,
1270 1006 1308 1043 id
1336 1007 1475 1044 animal
1501 1019 1584 1044 esse

191 1085 269 1109 non
290 1079 443 1121 potest;
473 1073 529 1109 sin
549 1080 677 1109 autem
700 1071 794 1119 quid
813 1072 954 1108 animal
975 1078 1042 1117 est,
1066 1071 1104 1108 id
1135 1072 1195 1108 illa
1224 1083 1383 1108 necesse
1413 1079 1470 1108 est
1499 1083 1583 1108 sen—

191 1137 284 1184 tiat;
323 1143 372 1182 et,
403 1136 510 1184 quod
539 1148 586 1173 ea
614 1137 741 1181 sentit,
771 1148 850 1172 non
882 1143 1008 1184 potest
1041 1148 1123 1172 esse
1159 1144 1371 1181 aeternum,
1401 1143 1439 1172 et
1467 1123 1607 1173 omne·

191 1201 331 1238 animal
360 1201 474 1238 sentit
490 1214 499 1247 ς
538 1201 685 1237 nullum
721 1201 830 1248 igitur
858 1200 998 1236 animal
1028 1207 1226 1236 aeternum
1258 1208 1326 1237 est.
1385 1201 1585 1237 Praeterea
1604 1219 1633 1243 ις

190 1267 336 1303 nullum
365 1273 493 1315 potest
522 1278 605 1303 esse
637 1266 787 1311 animal,
810 1266 847 1302 in
868 1278 946 1314 quo
973 1278 1051 1302 non
1076 1273 1113 1302 et
1133 1265 1319 1314 adpetitio
1340 1266 1386 1302 sit
1407 1272 1445 1302 et
1464 1265 1583 1303 decli-

190 1331 294 1368 natio
326 1330 531 1376 naturalis;
571 1337 804 1378 appetuntur
837 1338 978 1374 autern,
1017 1341 1116 1378 quae
1155 1329 1371 1366 secundum
1409 1337 1583 1367 naturam

190 1402 289 1441 sunt,
320 1395 562 1432 declinantur
590 1395 803 1440 contraria3
835 1401 872 1431 et
899 1406 1014 1431 omne
1045 1394 1185 1430 animal
1215 1394 1362 1442 adpetit
1390 1392 1584 1442 quaedam

189 1466 229 1497 et
257 1460 350 1508 fugit
376 1471 398 1496 a
424 1459 681 1507 quibusdam3
713 1458 820 1506 quod
841 1465 969 1495 autem
999 1459 1147 1506 refugit,
1179 1457 1217 1494 id
1247 1465 1381 1495 contra
1409 1466 1583 1496 naturam

189 1531 271 1567 est;
307 1531 356 1569 et,
387 1523 494 1571 quod
524 1530 581 1560 est
610 1530 743 1559 contra
772 1531 957 1568 naturam,
989 1522 1028 1559 id
1063 1523 1177 1559 habet
1206 1523 1282 1559 vim
1313 1523 1581 1570 interimendi3
1601 1543 1634 1560 20

136 1600 171 1626 34
189 1600 305 1625 omne
327 1600 418 1636 ergo
439 1587 579 1624 animal
600 1587 761 1623 intereat
781 1599 940 1624 necesse
963 1594 1030 1624 est.
1091 1587 1389 1625 Innumerabilia
1414 1594 1513 1633 sunt,
1535 1599 1582 1624 ex

129 1914 149 1950 1

188 1653 327 1701 quibus
361 1651 461 1688 effici
495 1651 660 1700 cogique
695 1652 815 1699 possit
848 1651 940 1688 nihil
974 1663 1069 1697 esse,
1100 1651 1206 1699 quod
1241 1664 1395 1688 sensum
1430 1651 1580 1697 habeat,

187 1717 281 1765 quin
311 1716 351 1753 id
371 1717 557 1762 intereat3
589 1716 731 1752 etenim
753 1728 799 1752 ea
828 1716 922 1764 ipsa,
944 1728 1042 1764 quae
1073 1717 1298 1761 sentiuntur,
1321 1722 1361 1752 ut
1390 1716 1516 1765 frigus,
1541 1723 1583 1753 ut

187 1782 302 1827 calor,
332 1787 373 1818 ut
401 1781 589 1829 voluptas,
620 1787 660 1817 ut
694 1780 816 1825 dolor,
847 1787 887 1817 ut
921 1787 1060 1824 cetera,
1092 1793 1181 1817 curn
1215 1781 1449 1828 amplificata
1481 1787 1580 1826 sunt,

186 1846 435 1891 interimunt3
474 1856 548 1881 nec
582 1845 700 1881 ullum
735 1845 874 1881 animal
909 1852 965 1881 est
999 1845 1079 1881 sine
1115 1857 1228 1881 sensu
1246 1858 1255 1891 ;
1295 1845 1439 1881 nullum
1471 1845 1582 1893 igitur
1599 1861 1629 1886 25

154 1910 327 1950 4animal
346 1916 546 1946 aeternum
567 1916 634 1945 est.
695 1910 848 1945 Etenim
867 1915 931 1945 aut
951 1909 1112 1957 simplex
1133 1916 1190 1945 est
1211 1916 1344 1945 natura
1364 1909 1579 1955 animantis,

185 1980 227 2010 ut
245 1974 306 2010 vel
325 1980 476 2010 terrena
502 1973 548 2009 sit
568 1973 627 2009 vel
657 1973 769 2021 ignea
789 1973 847 2009 vel
875 1973 1047 2009 animalis
1067 1973 1126 2009 vel
1154 1973 1286 2009 umida
1311 1972 1438 2021 (quod
1467 1973 1579 2021 quale

185 2038 243 2082 sit,
265 2050 313 2074 ne
334 2037 501 2085 intellegi
523 2036 681 2085 quidem
711 2037 876 2085 potest),
898 2044 962 2074 aut
989 2044 1172 2074 concreta
1198 2049 1245 2073 ex
1271 2037 1441 2085 pluribus
1470 2044 1578 2074 natu-

183 2102 246 2148 ris,
267 2113 427 2150 quarum
448 2114 559 2138 suum
581 2112 758 2149 quaeque
780 2101 908 2137 locum
930 2101 1081 2146 habeat,
1099 2113 1176 2149 quo
1197 2108 1352 2137 naturae
1373 2101 1408 2138 vi
1429 2101 1577 2147 feratur,

184 2167 258 2203 alia
277 2165 464 2211 infimum,
485 2165 558 2202 alia
584 2177 789 2209 summum,
812 2165 884 2202 alia
911 2165 1096 2202 medium.
1156 2166 1269 2202 Haec
1299 2165 1348 2202 ad
1378 2164 1577 2214 quoddam
1596 2184 1629 2208 30

184 2237 337 2278 tempus
358 2230 566 2266 cohaerere
587 2236 761 2277 possunt,
784 2241 938 2277 semper
959 2236 1087 2265 autem
1109 2229 1212 2265 nullo
1242 2228 1363 2266 modo
1392 2236 1578 2278 possunt3

184 2307 345 2331 necesse
366 2300 424 2331 est
443 2294 547 2331 enim
569 2293 607 2330 in
628 2306 738 2330 suum
760 2305 935 2341 quaeque
957 2293 1086 2329 locum
1107 2300 1239 2330 natura
1259 2293 1436 2342 rapiatur.
1483 2293 1576 2330 Nul-

184 2359 262 2396 lum
284 2359 395 2407 igitur
415 2358 554 2395 animal
575 2364 633 2394 est
653 2358 942 2405 sempiternum.

134 2437 167 2463 35
238 2423 315 2461 Sed
344 2422 476 2460 omnia
494 2421 620 2467 vestri,
642 2421 772 2467 Balbe,
794 2421 917 2458 solent
946 2420 996 2458 ad
1026 2421 1177 2470 igneam
1196 2421 1273 2458 vim
1293 2421 1431 2458 referre
1453 2422 1576 2459 Hera-

185 2488 328 2532 clitum,
349 2494 391 2524 ut
411 2487 562 2535 opinor,
580 2492 798 2534 sequentes,
820 2497 936 2534 quem
965 2485 1090 2534 ipsum
1119 2498 1198 2524 non
1227 2498 1364 2523 omnes
1393 2485 1575 2534 intel-pre·
1595 2502 1626 2527 ³⁵
