1714 2807
129 739 162 764 UO

135 1468 163 1492 10

123 1423 171 1474 2„ss

186 182 265 212 100
616 179 680 211 DE
709 179 902 211 NATURA
929 178 1140 211 DEORUM.

178 283 323 320 volunt.
381 282 549 319 Dianam
579 288 709 318 autem
742 287 779 318 et
813 281 962 318 Lunam
997 280 1162 317 eandem
1194 292 1277 317 esse
1310 286 1458 329 putant,
1487 292 1577 318 cum

179 347 241 384 Sol
263 346 388 383 dictus
417 347 476 391 sit,
497 346 557 382 vel
577 346 666 393 quia
697 345 800 382 solus
820 357 867 382 ex
887 345 1066 382 omnibus
1087 344 1277 381 sideribus
1297 352 1353 381 est
1372 352 1498 382 tantus
1517 345 1577 382 vel

179 412 281 459 quia,
302 423 392 448 cum
424 418 480 447 est
513 417 678 454 exortus,
701 409 914 447 obscuratis
935 409 1114 446 omnibus
1144 409 1247 445 solus
1275 415 1445 457 apparet,
1469 409 1579 446 Luna

178 488 201 512 a
227 475 395 512 lucendo
427 475 625 512 nominata
655 474 727 520 sit3
757 473 897 510 eadem
928 480 985 510 est
1015 474 1117 510 enim
1152 473 1308 510 Lucina.
1367 473 1515 521 Itaque,
1537 480 1577 510 ut

179 539 283 588 apud
318 540 492 577 Graecos
529 539 707 584 Dianam,
738 550 901 586 eamque
936 538 1165 582 Luciferam,
1196 538 1250 574 sic
1284 536 1389 585 apud
1427 544 1576 574 nostros

180 605 375 641 Iunonem
408 603 597 641 Lucinam
628 603 666 639 in
693 602 882 651 pariendo
913 602 1094 639 invocant
1110 615 1121 648 3
1149 613 1249 650 quae
1281 601 1419 638 eadem
1452 601 1579 638 Diana

180 671 189 686 ‘
204 669 431 716 omnivaga’
453 667 604 713 dicitur,
625 679 705 704 non
725 679 748 703 a
766 666 959 712 venando,
979 665 1049 703 sed
1069 665 1176 714 quod
1205 666 1244 703 in
1272 673 1421 714 septem
1442 677 1576 702 nume-

180 740 281 769 ratur
300 739 499 780 tamquam
518 731 756 779 vagantibus.
815 731 941 767 Diana
959 729 1074 775 dicta,
1095 730 1186 778 quia
1204 737 1323 766 noctu
1343 729 1451 777 quasi
1472 729 1577 766 diem

179 796 359 832 efficeret.
416 795 633 832 Adhibetur
651 803 782 831 autem
801 794 852 831 ad
880 801 1022 842 partus,
1042 793 1151 842 quod
1179 794 1204 830 ii
1233 801 1493 830 maturescunt
1513 800 1578 830 aut

179 867 329 908 septem
350 872 431 897 non
449 871 661 907 numquam
682 865 759 904 aut,
776 865 817 896 ut
837 859 1076 907 plerumque,
1098 870 1240 895 novem
1259 858 1370 894 lunae
1392 858 1575 903 cursibus,

179 925 245 972 qui
265 925 355 973 quia
374 936 509 960 mensa
537 924 659 972 spatia
689 923 914 968 conficiunt,
937 925 946 940 ‘
960 934 1114 959 menses
1129 923 1137 938 '
1158 922 1415 959 nominantur.
1473 921 1576 959 Con-

180 989 384 1036 cinneque,
406 995 446 1024 ut
467 987 598 1032 multa,
618 988 812 1032 Timaeus,
834 987 901 1034 qui
930 999 1021 1023 cum
1055 987 1094 1023 in
1127 986 1283 1023 historia
1313 985 1480 1031 dixisset,
1502 997 1579 1033 qua

179 1060 295 1089 nocte
316 1060 427 1089 natus
447 1051 665 1088 Alexander
684 1058 797 1097 esset,
818 1050 958 1088 eadem
988 1051 1138 1087 Dianae
1169 1050 1360 1099 Ephesiae
1390 1050 1577 1098 templum

1597 872 1629 888 ¹0

180 1117 461 1165 deflagravisse‚
483 1116 656 1152 adiunxit
677 1116 835 1152 minime
860 1115 900 1152 id
929 1126 1014 1152 esse
1048 1114 1279 1160 mirandum,
1300 1114 1406 1162 quod
1440 1115 1576 1159 Diana,
1608 1126 1611 1129 ·

181 1193 269 1218 cum
319 1182 356 1217 in
394 1187 505 1229 partu
544 1179 785 1228 Olympiadis
830 1179 966 1216 adesse
1003 1179 1198 1224 voluisset,
1245 1179 1399 1215 afuisset
1443 1177 1575 1215 domo.

183 1245 293 1292 Quae
315 1252 444 1281 autern
465 1244 539 1281 dea
558 1244 608 1280 ad
628 1256 687 1280 res
708 1255 844 1280 omnes
863 1244 1021 1288 veniret,
1042 1244 1236 1280 Venerem
1256 1243 1374 1279 nostri
1403 1242 1576 1279 nomina-

180 1316 327 1354 verunt,
367 1317 483 1357 atque
531 1320 579 1345 ex
626 1320 672 1344 ea
709 1308 837 1356 potius
877 1307 1102 1344 ‘venustas'
1141 1319 1258 1355 quam
1307 1307 1483 1343 ‘Venus’
1531 1317 1579 1342 ex

181 1381 394 1410 venustate.

235 1437 435 1474 Videtisne
456 1437 578 1485 igitur,
595 1443 635 1473 ut
651 1448 674 1472 a
693 1435 859 1485 physicis
879 1436 992 1473 rebus
1011 1436 1111 1472 bene
1128 1441 1243 1483 atque
1260 1435 1398 1471 utiliter
1417 1434 1579 1471 inventis

181 1509 302 1538 tracta
320 1502 414 1538 ratio
436 1502 482 1537 sit
502 1500 551 1537 ad
573 1500 868 1537 commenticios
890 1507 927 1536 et
947 1499 1057 1536 fictos
1078 1499 1201 1536 deos?
1230 1511 1329 1547 quae
1358 1510 1418 1535 res
1446 1498 1578 1547 genuit

180 1567 290 1603 falsas
311 1565 515 1614 opiniones
545 1575 767 1612 erroresque
798 1564 1036 1601 turbulentos
1068 1570 1106 1600 et
1136 1563 1423 1611 superstitiones
1455 1573 1578 1611 paene

181 1631 311 1667 aniles.
370 1630 421 1666 Et
453 1629 598 1666 formae
631 1629 733 1664 enim
767 1628 879 1665 nobis
913 1627 1076 1664 deorum
1107 1630 1148 1664 et
1179 1634 1323 1664 aetates
1357 1633 1396 1664 et
1423 1626 1580 1663 vestitus

181 1702 415 1742 ornatusque
450 1693 531 1730 noti
565 1700 664 1737 sunt,
695 1704 837 1741 genera
868 1699 1076 1741 praeterea,
1107 1691 1297 1740 coniugia,
1328 1690 1579 1740 cognationes

182 1759 389 1806 omniaque
427 1757 604 1794 traducta
641 1756 691 1793 ad
734 1756 1024 1793 similitudinem
1062 1755 1318 1793 inbecillitatis
1361 1755 1578 1801 humanae;

181 1836 271 1860 nam
292 1830 330 1859 et
350 1822 580 1871 perturbatis
600 1821 736 1857 animis
757 1820 992 1857 inducuntur
1007 1833 1017 1866 3
1048 1820 1270 1868 accepimus
1291 1819 1395 1856 enim
1416 1818 1578 1856 deorum

182 1885 709 1935 cupiditates,aegritudines,
732 1884 947 1922 iracundias
963 1898 973 1930 ;
1003 1896 1077 1921 nec
1092 1895 1195 1929 vero,
1213 1891 1254 1920 ut
1273 1883 1421 1920 fabulae
1442 1883 1579 1929 ferunt,

182 1952 289 1988 bellis
311 1950 540 1999 proeliisque
563 1955 777 1994 caruerunt,
798 1960 873 1985 nec
893 1948 1028 1993 solum,
1050 1954 1091 1985 ut
1111 1947 1215 1996 apud
1238 1948 1469 1993 Homerum,
1489 1959 1578 1984 cum

182 2015 262 2052 (luo
283 2014 470 2051 exercitus
491 2013 701 2050 contrarios
725 2013 788 2049 alii
808 2012 873 2050 dei
904 2024 952 2049 ex
981 2012 1054 2048 alia
1083 2019 1190 2060 parte
1222 2011 1489 2057 defenderent,
1509 2011 1579 2049 sed

182 2080 310 2123 etiam,
342 2085 383 2115 ut
415 2089 503 2114 cum
533 2077 694 2122 Titanis,
725 2083 767 2113 ut
797 2089 888 2113 cum
922 2077 1162 2125 Gigantibus,
1193 2088 1263 2112 sua
1295 2076 1449 2124 propria
1480 2076 1580 2114 bella

182 2148 392 2191 gesserunt.
452 2142 565 2178 Haec
597 2148 635 2177 et
655 2140 835 2178 dicuntur
854 2147 892 2178 et
911 2140 1118 2177 creduntur
1149 2140 1367 2177 stultissime
1399 2147 1438 2178 et
1466 2141 1581 2189 plena

136 2230 143 2244 ι
183 2214 271 2244 sunt
309 2206 507 2243 futtilitatis
545 2217 797 2254 summaeque
836 2205 1008 2242 levitatis.
1065 2204 1143 2242 Sed
1181 2211 1310 2242 tamen
1349 2205 1406 2244 his
1445 2205 1580 2242 fabulis

183 2271 318 2319 spretis
339 2282 384 2307 ac
413 2269 622 2318 repudiatis
643 2269 738 2306 deus
767 2269 963 2318 pertinens
993 2281 1062 2317 per
1091 2275 1265 2306 naturam
1296 2269 1482 2318 cuiusque
1513 2269 1578 2315 rei,

183 2346 251 2383 per
282 2342 398 2371 terras
433 2334 563 2378 Ceres,
594 2345 662 2382 per
695 2334 812 2370 maria
846 2333 1062 2381 Neptunus,
1092 2333 1153 2369 alii
1187 2345 1255 2381 per
1285 2333 1368 2378 alia,
1402 2339 1581 2381 poterunt

184 2399 351 2447 intellegi
385 2399 451 2446 qui
485 2397 695 2446 qualesque
734 2398 820 2442 sint,
855 2409 1010 2445 quoque
1050 2409 1116 2434 eos
1149 2397 1305 2433 nomine
1338 2395 1580 2434 consuetudo

185 2463 477 2511 nuncupaverit,
499 2461 573 2499 hoc
605 2473 672 2499 eos
703 2468 742 2499 et
767 2461 939 2498 venerari
971 2467 1009 2498 et
1035 2460 1161 2498 colere
1188 2460 1388 2498 debemus.
1445 2460 1580 2500 Cultus

1597 1196 1627 1219 15

1597 1836 1628 1860 25

1598 2156 1631 2180 30

1598 2477 1667 2501 35·
