1714 2807
172 183 226 225 54
606 183 668 214 DE
698 183 887 215 NATURA
920 181 1129 215 DEORUM.

170 291 208 322 et
228 284 335 333 quasi
357 285 509 333 sanguis
529 284 622 332 quid
643 285 702 329 sit,
723 285 826 320 nullo
846 296 998 332 prorsus
1022 283 1142 320 modo
1172 283 1363 331 intellego.
1422 283 1561 331 Neque

170 356 211 386 tu
240 360 301 385 me
332 348 445 393 celas,
471 354 512 384 ut
543 348 774 396 Pythagoras
802 348 949 384 solebat
978 348 1135 392 alienos,
1157 359 1229 383 nec
1260 346 1436 383 consulto
1465 345 1562 383 dicis

171 413 321 450 occulte
342 419 539 460 tamquam
564 412 795 456 Heraclitus,
817 411 884 448 sed
913 411 1039 459 (quod
1062 412 1158 447 inter
1184 423 1254 447 nos
1284 411 1416 458 liceat)
1444 421 1492 446 ne
1521 416 1562 446 tu

114 465 159 535 ἐξ
173 477 330 525 quidem
352 475 549 524 intellegis.
609 475 709 512 Illud
729 475 842 512 video
863 486 1033 523 pugnare
1054 482 1103 519 te,
1125 475 1274 523 species
1303 480 1344 510 ut
1370 472 1564 522 quaedam

171 542 218 579 sit
249 540 424 586 deorum,
455 551 554 587 quae
586 539 679 575 nihil
710 539 881 576 concreti
914 538 1063 584 habeat,
1094 538 1187 575 nihil
1218 537 1342 583 solidi,
1374 537 1467 574 nihil
1499 548 1562 573 ex·
1590 548 1606 573 ⁵

171 605 302 654 pressi,
323 605 416 641 nihil
445 603 660 649 eminentis,
687 603 812 651 sitque
842 614 947 651 pura,
978 603 1080 647 levis,
1111 601 1319 651 perlucida.
1378 602 1564 638 Dicemus

172 670 283 718 igitur
316 668 431 714 idem,
462 667 568 716 quod
603 668 640 704 in
670 668 822 704 Venere
853 667 959 704 Coa:
997 678 1136 715 corpus
1165 666 1258 702 illud
1286 678 1365 702 non
1396 671 1464 710 est,
1494 664 1565 702 sed

173 734 293 771 simile
314 733 496 781 corporis,
518 744 593 769 nec
616 732 675 768 ille
701 732 805 768 susus
834 737 871 767 et
901 730 1069 767 candore
1099 731 1238 767 mixtus
1266 731 1382 767 rubor
1410 729 1564 777 sanguis

173 805 242 843 est,
276 797 345 834 sed
379 796 573 845 quaedam
607 796 800 844 sanguinis
831 794 1065 841 similitud0;
1105 795 1159 831 sic
1190 795 1229 830 in
1261 795 1454 842 Epicureo
1488 792 1565 830 deo

173 874 251 898 non
271 873 342 905 res,
363 860 431 898 sed
452 860 718 897 similitudines
747 871 873 896 rerum
903 871 999 896 esse.
1058 859 1136 895 Fac
1166 858 1218 904 id,
1241 857 1348 906 quod
1377 869 1425 894 ne
1455 857 1564 894 intel·
1585 873 1617 890 ιο

173 926 245 974 legi
278 925 435 973 quidem
467 931 605 973 potest,
637 924 729 961 mihi
759 936 842 961 esse
873 935 1096 972 persuasum
1112 936 1122 969 3
1155 922 1256 959 cedo
1285 922 1378 959 nihi
1407 922 1567 958 istorum

123 1001 155 1028 76
173 990 486 1027 adumbratorum
518 988 680 1025 deorum
714 988 935 1025 liniamenta
967 994 1082 1035 atque
1117 987 1269 1024 formas.
1290 1013 1297 1033 (Ι
1327 987 1418 1023 Non
1456 985 1567 1022 deest

174 1054 248 1091 hoc
279 1054 366 1090 loco
400 1053 515 1101 copia
542 1053 745 1098 rationum,
776 1052 915 1100 quibus
945 1051 1086 1088 docere
1115 1051 1236 1087 velitis
1265 1051 1452 1087 humanas
1481 1061 1565 1086 esse

172 1119 312 1155 formas
333 1117 495 1154 deorum
509 1130 519 1163 ;
550 1117 717 1164 primum
738 1116 845 1164 quod
873 1117 924 1153 ita
947 1116 994 1152 sit
1022 1116 1268 1152 informatum
1296 1115 1564 1162 anticipatum-

173 1195 244 1231 que
276 1182 470 1219 mentibus
503 1181 652 1225 nostris,
684 1187 725 1217 ut
756 1180 915 1225 homini,
948 1192 1039 1217 cum
1069 1179 1119 1216 de
1151 1179 1226 1216 deo
1257 1179 1412 1226 cogitet,
1445 1178 1567 1215 forma
1585 1195 1615 1219 ις

174 1252 348 1284 occurrat
369 1246 537 1282 humana
552 1258 561 1291 ;
592 1244 735 1281 deinde
756 1244 876 1292 quod,
897 1244 1080 1292 quoniam
1100 1244 1212 1280 rebus
1233 1243 1412 1279 omnibus
1439 1242 1565 1278 excel-

174 1312 225 1348 lat
254 1317 386 1347 natura
414 1309 553 1354 divina,
582 1309 704 1345 forma
732 1320 889 1357 quoque
919 1320 1002 1345 esse
1031 1307 1288 1356 pulcherrima
1317 1306 1470 1351 debeat,
1491 1317 1566 1343 nec

174 1387 257 1412 esse
296 1374 464 1411 humana
500 1373 616 1410 ullam
654 1373 939 1421 pulchriorem3
978 1372 1130 1409 tertiam
1167 1371 1355 1408 rationem
1397 1370 1564 1416 adfertis,

123 1453 155 1480 77
174 1439 279 1487 quod
300 1439 402 1475 nulla
421 1438 493 1474 alia
513 1438 632 1485 figura
655 1437 895 1474 domicilium
923 1436 1062 1473 mentis
1092 1447 1175 1473 esse
1206 1435 1337 1483 possit.
1396 1434 1565 1471 Primum

174 1504 284 1551 igitur
317 1502 488 1551 quidque
518 1501 720 1538 considera
749 1501 861 1549 quale
892 1501 937 1538 sit
954 1515 963 1548 3
1003 1500 1166 1548 arripere
1195 1499 1299 1536 enim
1338 1497 1564 1549 millj-,Vlde·
1584 1514 1618 1532 20

174 1568 266 1605 mini
287 1567 394 1615 quasi
414 1572 539 1603 vestro
569 1566 646 1602 iure
681 1578 762 1602 rem
795 1565 899 1602 nullo
932 1564 1052 1602 modo
1085 1564 1335 1612 probabilem.
1393 1549 1566 1600 Omnino
1585 1539 1615 1566 P*

174 1632 258 1680 quis
285 1638 362 1668 tam
390 1642 529 1667 caecus
559 1630 596 1666 in
626 1629 937 1678 contemplandis
960 1628 1072 1665 rebus
1101 1639 1287 1675 umquam
1316 1626 1396 1672 fuit,
1417 1633 1459 1663 ut
1486 1638 1566 1663 non

172 1695 320 1732 videret
352 1695 501 1743 species
536 1694 624 1731 istas
658 1693 859 1730 hominum
894 1693 1065 1730 conlatas
1103 1691 1142 1729 in
1180 1691 1275 1728 deos
1308 1697 1373 1728 aut
1405 1690 1566 1727 consilio

173 1760 345 1808 quodam
372 1759 614 1807 sapientium,
636 1770 713 1805 quo
744 1758 889 1795 facilius
918 1757 1067 1794 animos
1096 1756 1361 1804 imperitorum
1391 1754 1441 1791 ad
1470 1754 1564 1791 deo-

172 1837 255 1861 rum
282 1824 426 1860 cultum
447 1835 470 1859 a
489 1823 586 1859 vitae
616 1822 799 1870 pravitate
830 1827 1108 1866 converterent,
1129 1827 1194 1856 aut
1222 1819 1504 1868 superstitione,
1524 1825 1565 1855 ut
1584 1835 1615 1859 25

173 1893 301 1925 essent
339 1887 551 1931 simulacra,
584 1898 682 1934 quae
711 1892 939 1922 venerantes
969 1884 1064 1922 deos
1092 1884 1196 1932 ipsos
1225 1895 1266 1921 se
1295 1883 1401 1920 adire
1430 1883 1564 1920 crede-

173 1953 285 1989 rent?
339 1953 537 1988 Auxerunt
556 1956 685 1987 autem
706 1950 802 1986 haec
832 1949 972 1986 eadem
1000 1949 1151 1997 poetae,
1174 1949 1353 1996 pictores,
1377 1947 1564 1996 opifices3

174 2023 253 2053 erat
274 2016 376 2053 enim
397 2027 475 2052 non
496 2015 606 2051 facile
627 2005 773 2063 agentis
797 2013 942 2062 aliquid
962 2019 1000 2050 et
1020 2013 1211 2050 molientis
1232 2011 1327 2049 deos
1348 2011 1387 2048 in
1407 2011 1565 2047 aliarum

173 2081 378 2118 formarum
413 2079 625 2116 imitatione
653 2090 813 2115 servare.
869 2078 1043 2115 Accessit
1077 2077 1193 2114 etiam
1226 2076 1297 2113 ista
1326 2076 1459 2124 opinio
1489 2075 1563 2112 for-

174 2151 284 2191 tasse,
310 2143 416 2193 quod
446 2143 592 2180 homini
620 2142 777 2179 homine
806 2141 1000 2190 pulchrius
1029 2141 1123 2178 nihil
1150 2140 1363 2178 videbatur.
1420 2139 1497 2177 Sed
1523 2145 1564 2176 tu
1584 2159 1616 2182 30

175 2210 262 2254 hoc,
283 2209 453 2257 physice,
475 2218 554 2244 non
583 2206 703 2252 vides,
724 2219 841 2254 quam
869 2205 1012 2243 blanda
1039 2205 1278 2242 conciliatrix
1305 2210 1344 2241 et
1371 2203 1480 2252 quasi
1508 2203 1566 2240 sui

175 2273 221 2310 sit
249 2273 336 2309 lena
364 2272 525 2309 natura?
578 2272 638 2308 An
668 2277 779 2319 putas
810 2270 924 2307 ullam
956 2281 1039 2306 esse
1071 2276 1169 2306 terra
1198 2269 1369 2316 marique
1397 2267 1564 2313 beluam,

176 2349 273 2385 quae
294 2349 372 2373 non
402 2337 458 2373 sui
487 2335 636 2384 generis
665 2335 779 2371 belua
807 2334 973 2370 maxime
1003 2333 1242 2370 delectetur?
1298 2331 1417 2380 Quod
1447 2331 1487 2368 ni
1515 2331 1567 2368 ita

176 2408 286 2446 esset,
308 2412 376 2437 cur
394 2412 473 2436 non
499 2399 654 2447 gestiret
676 2404 804 2435 taurus
833 2408 957 2445 equae
986 2397 1304 2443 contrectatione,
1326 2408 1448 2444 equus
1476 2407 1563 2432 vac-

176 2465 273 2503 cae?
327 2465 388 2502 An
417 2470 459 2501 tu
492 2462 657 2512 aquilam
689 2467 754 2499 aut
781 2461 935 2499 leonem
964 2467 1030 2498 aut
1057 2460 1286 2510 delphinum
1314 2460 1429 2497 ullam
1458 2466 1564 2496 ante-
1583 2477 1615 2502 ³5

1631 1539 1640 1578 l
