1681 2752
409 141 544 171 11113.1.
590 140 1021 176 CA1›.x><X11‚xxx111.
1069 141 1108 180 ἓξ
1127 140 1243 180 88-93.
1471 142 1523 183 59

127 254 281 291 semper
318 242 480 287 fuerunt,
519 241 599 277 nati
637 250 848 288 numquam
887 246 987 285 sunt,
1022 240 1214 289 siquidem
1253 242 1397 278 aeterni
1436 249 1523 279 sunt

126 307 238 343 futuri
254 319 264 353 3
295 312 331 342 at
353 306 528 342 homines
548 305 626 341 nati
643 318 652 350 3
683 312 770 341 ante
792 305 903 353 igitur
924 304 1092 341 humana
1111 305 1234 341 forma
1254 317 1370 353 quam
1400 306 1521 343 homi-

125 382 193 406 nes
232 382 288 415 ea,
324 382 401 417 qua
438 375 545 405 erant
583 369 706 404 forma
744 368 783 404 di
822 368 1052 404 inmortales.
1113 369 1204 405 Non
1243 381 1334 417 ergo
1373 370 1521 407 illorum

125 433 294 470 humana
324 433 456 477 forma,
489 431 559 469 scd
597 440 727 469 nostra
764 431 892 468 divina
931 431 1099 468 dicenda
1138 439 1205 469 est.
1264 434 1407 470 Verum
1448 435 1522 471 hoc

82 511 97 535 5
124 497 295 545 quidem,
316 504 357 533 ut
378 497 536 542 voletis;
568 495 660 533 illud
680 508 836 544 quaero,
858 508 956 544 quae
979 496 1087 532 fuerit
1109 503 1215 533 tanta
1235 498 1384 535 fortuna
1410 500 1522 546 (nihil

123 562 226 598 enim
256 561 401 598 ratione
433 561 471 597 in
501 573 628 597 rerum
659 567 793 597 natura
824 560 968 596 factum
1000 572 1083 597 esse
1116 561 1265 610 vultis),
1293 563 1362 599 sed
1392 571 1521 600 tamen

122 626 206 673 quis
236 625 304 662 iste
334 631 460 662 tantus
490 625 628 661 casus?
683 623 788 661 unde
820 630 899 660 tam
929 624 1018 661 felix
1050 637 1259 663 concursus
1289 634 1519 672 atomorum,
1540 641 1569 666 ui

122 696 163 726 ut
205 696 364 737 repente
403 688 580 725 homines
619 687 781 725 deorum
818 688 942 725 forma
978 691 1254 726 nascerentur?
1316 692 1520 728 Seminane

122 753 283 790 deorum
314 752 506 790 decidisse
538 752 588 789 de
620 752 730 789 caelo
760 759 941 800 putamus
968 753 1006 789 in
1035 759 1163 799 terras,
1194 761 1232 791 et
1260 755 1314 791 sic
1343 754 1520 792 homines

72 833 104 849 xo
121 824 273 866 patrum
306 818 446 855 similes
485 817 682 854 extitisse?
736 817 887 854 Vellem
928 817 1133 864 diceretis3
1175 817 1338 855 deorum
1377 831 1520 867 cogna-

120 882 267 918 tionem
297 894 550 931 agnoscerem
580 894 661 918 non
691 882 843 918 invitus.
903 881 1008 918 Nihil
1041 882 1114 918 tale
1151 881 1289 928 dicitis,
1323 883 1393 920 sed
1427 896 1519 921 casu

121 958 204 983 esse
228 947 384 992 sactum,
404 953 447 983 ut
476 958 648 983 essemus
677 945 818 982 similes
848 945 1024 982 deorum.
1084 947 1134 982 Et
1162 959 1266 983 nunc
1295 955 1520 995 argumenta

120 1011 342 1058 quaerenda
361 1017 459 1056 sunt,
481 1011 620 1058 quibus
641 1010 717 1046 hoc
737 1010 954 1046 refellatur?
1011 1011 1170 1048 Utinam
1197 1017 1276 1047 tam
1299 1011 1410 1048 facile
1430 1024 1520 1049 vera

120 1074 288 1111 invenire
322 1075 468 1123 possim
501 1087 618 1123 quam
652 1074 744 1110 falsa
777 1074 1036 1111 convincere!
1094 1075 1249 1111 Etenim
1283 1078 1515 1113 enumerasti
1527 1077 1575 1111 33

71 1156 100 1179 ιε
120 1139 340 1176 memoriter
359 1146 397 1175 et
417 1139 589 1187 copiose,
610 1145 652 1175 ut
672 1138 764 1175 mihi
785 1137 944 1186 quidem
971 1138 1148 1175 admirari
1167 1139 1314 1176 luberet
1335 1140 1372 1176 in
1393 1140 1516 1177 homi-

118 1215 168 1240 ne
195 1215 279 1240 esse
309 1204 492 1240 Romano
520 1209 666 1240 tantam
695 1203 909 1248 scientiam,
931 1215 1053 1251 usque
1083 1215 1105 1239 a
1132 1203 1253 1240 Thale
1284 1204 1437 1241 Milesio
1466 1205 1516 1241 de

119 1267 282 1306 deorum
319 1275 454 1305 natura
490 1267 811 1316 philosophorum
849 1268 1070 1304 sententias.
1128 1268 1327 1305 Omnesne
1365 1269 1433 1306 tibi
1466 1270 1516 1306 illi
1535 1286 1566 1310 ιν.»

118 1332 278 1369 delirare
297 1333 366 1369 visi
396 1339 495 1378 sunt,
517 1332 583 1380 qui
612 1332 694 1369 sine
723 1332 901 1369 manibus
931 1338 969 1368 et
997 1331 1162 1380 pedibus
1192 1340 1368 1369 constare
1398 1333 1516 1371 deum

118 1408 232 1445 posse
258 1396 526 1434 decreverint?
580 1397 642 1433 Ne
672 1396 749 1433 hoc
778 1395 939 1444 quidem
967 1408 1035 1433 vos
1065 1403 1195 1433 movet
1223 1397 1514 1444 considerantis,

69 1475 101 1492 20
118 1473 217 1509 quae
255 1462 302 1498 sit
335 1462 475 1498 utilitas
504 1473 683 1509 quaeque
712 1461 953 1508 oportunitas
982 1460 1022 1497 in
1054 1460 1211 1497 homine
1241 1462 1515 1508 membrorum,

118 1532 159 1562 ut
192 1525 368 1563 iudicetis
401 1526 584 1562 membris
617 1525 794 1562 humanis
828 1524 925 1562 deos
958 1537 1038 1561 non
1072 1526 1214 1573 egere?
1270 1525 1376 1573 Quid
1411 1528 1515 1564 enim

118 1590 282 1638 pedibus
303 1602 401 1638 opus
421 1596 478 1626 est
497 1590 579 1626 sine
609 1590 810 1637 ingressu?
837 1588 931 1637 quid
961 1589 1149 1634 manibus,
1171 1589 1201 1626 si
1229 1590 1322 1626 nihil
1350 1602 1514 1639 conpre-

67 1644 70 1645 ⁷
118 1654 371 1692 hendendum
409 1655 494 1691 est?
536 1653 630 1702 quid
667 1654 814 1702 reliqua
851 1653 1102 1701 discriptione
1136 1654 1310 1690 omnium
1341 1657 1514 1703 corporis

117 1719 294 1766 partium,
321 1719 360 1756 in
389 1730 466 1766 qua
493 1718 587 1755 nihil
616 1719 742 1764 inane,
772 1718 865 1754 nihil
894 1718 975 1754 sine
1006 1729 1135 1763 causa,
1165 1718 1259 1754 nihil
1287 1731 1513 1767 supervaca-

67 1797 98 1821 25
117 1794 233 1819 neum
260 1784 344 1820 est?
399 1784 535 1831 Itaque
565 1783 669 1820 nulla
697 1795 756 1819 ars
784 1782 922 1819 imitari
951 1782 1158 1819 sollertiam
1186 1789 1343 1819 naturae
1373 1791 1514 1831 potest.

119 1847 291 1884 Habebit
310 1848 423 1896 igitur
441 1848 609 1896 linguam
630 1847 725 1884 deus
756 1853 793 1883 et
823 1859 902 1883 non
931 1846 1120 1894 loquetur,
1151 1846 1300 1892 dentes,
1331 1848 1513 1895 palatum,

116 1911 246 1948 fauces
278 1912 425 1948 nullum
459 1911 510 1948 ad
542 1924 665 1957 usum,
701 1923 878 1960 quaeque
914 1911 1190 1959 procreationis
1230 1923 1346 1947 causa
1378 1918 1515 1948 natura

116 1976 269 2023 corpori
301 1975 473 2022 adfinxit,
508 1988 554 2013 ea
587 1977 721 2013 frustra
754 1976 910 2013 habebit
945 1975 1054 2021 deus,
1088 1987 1163 2012 nec
1197 1982 1355 2012 externa
1391 1977 1513 2024 magis

117 2051 232 2087 quam
270 2040 460 2086 interiora,
498 2052 578 2087 cor,
612 2040 828 2089 pulmones,
868 2041 984 2085 iecur,
1023 2046 1163 2085 cetera,
1203 2052 1303 2087 quae
1342 2039 1514 2077 detracta

67 2117 100 2140 30
117 2104 275 2141 utilitate
307 2104 401 2152 quid
434 2104 578 2142 habent
603 2104 840 2141 venustatis?
875 2103 1197 2152 quandoquidem
1229 2103 1328 2140 haec
1359 2116 1442 2141 esse
1474 2105 1512 2141 in

117 2167 193 2204 deo
212 2175 368 2216 propter
387 2168 710 2217 pulchritudinem
730 2168 852 2206 voltis.
912 2168 1048 2204 Istisne
1069 2168 1234 2205 fidentes
1255 2169 1413 2205 somniis
1433 2181 1512 2204 non
1531 2183 1562 2208 93

117 2231 236 2269 modo
268 2232 456 2280 Epicurus
488 2238 526 2269 et
560 2231 807 2269 Metrodorus
842 2238 880 2268 et
912 2232 1177 2269 Hermarchus
1209 2239 1343 2268 contra
1374 2232 1510 2280 Pytha-

117 2307 260 2343 goram,
300 2296 501 2333 Platonem
540 2295 903 2344 Empedoclemque
943 2295 1132 2340 dixerunt,
1169 2295 1238 2332 sed
1271 2297 1512 2332 meretricula

117 2359 232 2395 etiam
253 2359 458 2396 Leontium
483 2366 617 2397 contra
644 2359 956 2407 Theophrastum
985 2359 1150 2396 scribere
1180 2371 1273 2395 ausa
1302 2360 1386 2395 est?
1414 2360 1511 2396 scito

67 2435 99 2460 ³5
117 2420 179 2459 illa
208 2421 366 2471 quidem
397 2435 574 2461 sermone
606 2429 645 2461 et
674 2423 816 2470 Attico,
848 2422 919 2461 sed
952 2429 1096 2461 tamen.
1152 2423 1321 2460 Tantum
1353 2423 1511 2472 Epicuri
