1714 2807
143 178 218 227 158
571 184 634 215 DE
664 184 855 215 NATURA
888 183 1097 215 DEORUM.

85 296 118 320 69
137 287 349 325 Videturne
382 298 535 323 summa
566 285 797 334 inprobitate
829 297 919 321 usus
950 297 1029 322 non
1061 285 1142 322 sine
1173 297 1326 322 summa
1356 296 1440 322 esse
1473 297 1529 322 ra-

136 352 270 389 tione?
326 352 412 388 Nec
440 362 530 387 vero
560 362 701 386 scaena
729 349 853 385 solum
882 349 1019 385 referta
1048 357 1104 386 est
1135 349 1191 386 his
1220 349 1438 395 sceleribus,
1460 348 1530 386 sed

136 417 256 453 multo
289 416 365 451 vita
399 414 617 451 communis
652 425 776 461 paene
812 413 1029 449 maioribus.
1086 413 1207 450 Sentit
1241 413 1380 450 domus
1419 413 1530 450 unius

136 481 334 528 cuiusque,
365 479 478 516 sentit
509 479 645 523 forum,
677 478 790 514 sentit
819 478 935 522 curia,
967 489 1138 525 campus,
1163 478 1270 522 socii,
1298 478 1529 526 provinciae,

136 552 189 590 ut,
222 557 338 592 quem
370 543 419 580 ad
453 542 614 579 modum
645 542 791 578 ratione
824 549 927 578 recte
961 542 1035 586 fiat,
1068 542 1121 578 sic
1156 542 1301 578 ratione
1334 548 1528 590 peccetur,

136 609 374 656 alterumque
404 614 442 644 et
470 620 492 643 a
521 607 653 655 paucis
683 613 721 642 et
750 618 846 651 raro,
868 606 1028 642 alterum
1049 613 1087 642 et
1111 618 1227 654 saepe
1248 612 1286 642 et
1305 618 1328 642 a
1346 606 1528 654 plurimis,

136 680 177 710 ut
197 673 312 710 satius
332 672 442 708 suerit
465 671 607 708 nullam
637 671 797 707 omnino
826 670 938 707 nobis
967 682 990 706 a
1018 669 1076 706 dis
1107 670 1370 707 inmortalibus
1400 670 1529 707 datam

137 749 220 774 esse
259 737 447 773 rationem
481 748 596 783 quam
630 741 737 771 tanta
774 747 864 770 cum
903 734 1072 782 pernicie
1112 733 1253 770 datam.
1311 734 1365 772 Ut
1398 734 1529 770 vinum

136 802 311 849 aegrotis,
344 801 433 848 quia
462 799 621 848 prodest
651 811 747 844 raro,
780 805 896 834 nocet
927 798 1161 846 saepissime,
1194 797 1329 834 melius
1361 804 1418 834 est
1453 810 1530 834 non

136 865 320 902 adhibere
347 864 507 901 omnino
529 876 644 911 quam
666 874 734 911 spe
756 862 897 899 dubiae
917 862 1046 899 salutis
1067 863 1105 898 in
1125 869 1297 910 apertam
1319 862 1530 910 perniciem

137 930 339 974 incurrere,
361 929 416 964 sic
438 927 542 964 haud
562 927 644 964 scio
665 939 714 963 an
735 927 870 963 melius
890 926 1001 962 fuerit
1027 926 1197 963 humano
1224 926 1355 975 generi
1381 933 1528 963 motum

137 994 250 1030 istum
281 993 448 1029 celerem
478 991 734 1040 cogitationis,
756 1002 935 1035 acumen,
957 990 1175 1035 sollertiam,
1197 1003 1312 1039 quam
1342 991 1530 1027 rationem

136 1070 332 1102 vocamus,
363 1057 547 1105 quoniam
577 1055 755 1104 pestifera
784 1061 842 1091 est
871 1054 1010 1100 multis,
1031 1054 1244 1091 admodum
1273 1055 1405 1103 paucis
1434 1055 1530 1092 salu-

136 1123 236 1167 taris,
257 1133 336 1158 non
361 1120 442 1157 dari
471 1120 632 1157 omnino
661 1131 778 1167 quam
807 1125 886 1155 tam
916 1119 1098 1156 munifice
1130 1126 1168 1156 et
1198 1125 1274 1155 tam
1304 1119 1405 1168 large
1437 1119 1529 1157 dari.

1550 880 1581 897 10

85 1195 119 1222 70
138 1187 266 1234 Quam
300 1186 352 1222 ob
385 1197 466 1221 rem
500 1185 529 1221 si
564 1196 673 1220 mens
707 1183 960 1231 voluntasque
999 1183 1128 1220 divina
1161 1183 1305 1220 idcirco
1340 1184 1531 1221 consuluit
1552 1198 1581 1222 τε

137 1250 370 1295 hominibus,
392 1248 499 1297 quod
520 1249 563 1285 iis
584 1254 641 1285 est
661 1248 793 1296 largita
812 1248 1012 1293 rationem,
1035 1248 1077 1284 iis
1098 1247 1187 1284 solis
1208 1248 1411 1294 consuluit,
1432 1260 1530 1297 quos

135 1315 240 1352 bona
268 1315 416 1351 ratione
451 1313 621 1358 donavit,
654 1324 753 1361 quos
783 1311 972 1357 videmus,
1004 1312 1034 1349 si
1066 1312 1185 1349 modo
1217 1312 1279 1348 ulli
1314 1320 1413 1358 sunt,
1446 1324 1530 1350 esse

135 1390 363 1428 perpaucos.
422 1378 514 1414 Non
538 1377 665 1425 placet
694 1383 822 1413 autem
852 1377 985 1424 paucis
1013 1388 1036 1412 a
1065 1375 1124 1413 dis
1154 1376 1417 1414 inmortalibus
1447 1373 1529 1414 esse

136 1443 382 1489 consultum,
412 1441 583 1490 sequitur
603 1453 706 1489 ergo,
728 1447 769 1477 ut
789 1441 934 1477 nemini
955 1441 1173 1477 consultum
1194 1441 1252 1478 sit.

76 1509 124 1544 28
191 1507 298 1544 Huic
330 1507 418 1543 loco
452 1506 507 1542 sic
541 1505 670 1542 soletis
703 1516 929 1542 occurrere:
970 1517 1048 1542 non
1080 1505 1224 1542 idcirco
1258 1517 1337 1542 non
1371 1511 1529 1554 optume

134 1572 246 1609 nobis
266 1584 289 1608 a
308 1571 367 1608 dis
387 1582 471 1607 esse
491 1570 700 1618 provisum,
721 1568 828 1617 quod
849 1569 957 1606 multi
978 1581 1110 1606 eorum
1131 1569 1323 1606 beneficio
1352 1581 1529 1618 perverse

134 1643 356 1681 uterentur;
387 1635 500 1672 etiam
522 1633 762 1682 patrimoniis
783 1634 923 1670 multos
945 1633 1043 1670 male
1065 1634 1131 1679 uti,
1152 1646 1225 1670 nec
1247 1634 1298 1671 ob
1325 1645 1410 1670 eam
1439 1646 1528 1670 cau-

135 1713 216 1737 sam
246 1712 313 1736 eos
346 1699 581 1736 beneficium
611 1710 634 1734 a
663 1698 832 1746 patribus
866 1698 1011 1734 nullum
1047 1697 1202 1734 habere.
1263 1697 1529 1746 Quisquamne

134 1765 232 1802 istuc
263 1764 404 1812 negat?
438 1769 503 1799 aut
532 1774 630 1810 quae
660 1768 718 1798 est
748 1762 786 1798 in
815 1762 1020 1798 collatione
1050 1762 1121 1798 ista
1150 1761 1388 1798 similitudo?
1444 1763 1529 1799 Nec

134 1829 238 1866 enim
262 1828 422 1865 Herculi
448 1839 590 1864 nocere
613 1827 796 1863 Deianira
814 1826 944 1871 voluit,
967 1838 1056 1862 cum
1083 1826 1119 1862 ei
1145 1826 1316 1862 tunicam
1343 1827 1528 1875 sanguine

135 1893 318 1931 Centauri
351 1892 510 1928 tinctam
549 1890 668 1936 dedit,
701 1902 774 1927 nec
805 1890 990 1939 prodesse
1024 1890 1196 1927 Pheraeo
1229 1890 1357 1928 Iasoni
1391 1891 1433 1936 is,
1465 1891 1530 1939 qui

134 1957 263 2006 gladio
287 1956 480 1993 vomicam
510 1955 590 1992 eius
621 1955 780 2003 aperuit,
803 1967 920 2002 quam
949 1967 1081 1991 sanare
1113 1954 1255 1991 medici
1285 1967 1364 1992 non
1393 1962 1528 2004 potue-

134 2028 230 2058 rant.
288 2021 400 2058 Multi
432 2020 534 2056 enim
564 2026 613 2065 et,
644 2031 733 2055 cum
764 2019 901 2055 obesse
931 2019 1082 2064 vellent,
1115 2019 1338 2067 profuerunt
1367 2026 1417 2065 et,
1439 2032 1529 2056 cum

134 2085 332 2135 prodesse,
354 2085 571 2122 obfuerunt.
631 2084 690 2120 Ita
710 2095 788 2120 non
810 2084 850 2120 fit
871 2095 917 2119 ex
939 2095 998 2128 eo,
1020 2083 1127 2131 quod
1151 2083 1273 2129 datur,
1295 2091 1336 2120 ut
1355 2084 1530 2121 voluntas

135 2151 228 2194 eius,
251 2150 314 2198 qui
345 2148 507 2191 dederit,
528 2155 726 2196 appareat,
749 2160 835 2193 nec,
861 2148 890 2184 si
921 2149 962 2193 is,
989 2149 1052 2196 qui
1083 2149 1245 2196 accepit,
1271 2149 1371 2185 bene
1401 2149 1527 2196 utitur,

136 2214 281 2251 idcirco
317 2214 358 2258 is,
394 2213 458 2260 qui
493 2212 612 2257 dedit,
648 2213 772 2248 amice
807 2211 927 2249 dedit.
987 2212 1097 2259 Quae
1132 2213 1235 2249 enim
1266 2212 1398 2258 libido,
1430 2224 1529 2261 quae

136 2279 301 2322 avaritia,
323 2276 429 2325 quod
452 2277 597 2313 facinus
619 2283 683 2313 aut
704 2277 908 2325 suscipitur
927 2277 998 2313 nisi
1025 2276 1187 2313 consilio
1215 2283 1330 2324 capto
1357 2283 1421 2313 aut
1448 2277 1528 2313 sine

135 2343 253 2379 animi
288 2348 394 2378 motu
431 2348 468 2377 et
502 2341 748 2388 cogitatione,
783 2340 821 2377 id
860 2347 917 2377 est
955 2341 1113 2385 ratione,
1149 2340 1371 2389 perficitur?
1428 2341 1528 2378 Nam

136 2407 261 2443 omnis
296 2406 428 2453 opinio
462 2405 558 2441 ratio
593 2411 661 2450 est,
696 2411 734 2441 et
768 2404 926 2452 quidem
961 2405 1065 2441 bona
1099 2405 1204 2449 ratio,
1237 2405 1267 2441 si
1298 2416 1398 2451 vera,
1430 2404 1530 2441 mala

138 2477 278 2515 autem,
300 2470 328 2506 si
351 2470 442 2506 falsa
467 2475 522 2505 est
552 2468 696 2516 opinio.
754 2468 830 2505 Sed
859 2480 882 2504 a
911 2467 987 2505 deo
1016 2475 1164 2505 tantum
1194 2469 1381 2505 rationem
1411 2468 1528 2505 habe-

1548 1845 1579 1870 ²⁵

1548 2168 1580 2192 30

1548 2489 1579 2513 3⁵
