1714 2807
75 656 104 680 12

69 1347 92 1382 5

66 1392 97 1417 13

63 1752 94 1777 14

57 2463 89 2489 15

128 152 180 188 82
312 171 314 173 ’
563 160 627 191 DE
656 161 848 193 NATURA
875 161 1086 194 DEORUM.

126 261 304 298 consules
333 272 429 299 esse.
486 262 658 310 Augures
687 274 769 299 rem
797 262 848 299 ad
875 270 1050 301 senatum
1066 277 1076 310 3
1107 272 1273 310 senatus,
1303 272 1344 303 ut
1371 267 1525 305 abdica·

125 333 208 362 rent
224 326 403 362 consules
422 339 430 371 ;
451 325 738 363 abdicaverunt.
797 327 908 374 Quae
925 328 1142 376 quaerimus
1165 331 1341 378 exempla
1356 332 1527 369 maiora?

124 390 190 426 Vir
214 389 517 438 sapientissimus
542 396 656 437 atque
684 390 788 426 haud
813 391 931 428 sciam
963 404 1012 428 an
1043 394 1218 430 omnium
1249 397 1524 442 praestantissi-

125 467 209 491 mus
230 461 435 502 peccatum
457 466 580 498 suum,
602 454 709 502 quod
731 455 844 491 celari
872 463 1013 503 posset,
1045 457 1218 494 confiteri
1249 459 1378 496 maluit
1408 472 1524 508 quam

125 518 280 555 haerere
307 519 345 554 in
374 530 412 554 re
443 518 598 566 publica
626 519 864 566 religionem,
889 521 1068 557 consules
1097 534 1291 559 summum
1321 524 1523 572 imperium
1550 538 1564 561 ⁵

123 583 250 619 statim
289 582 487 630 deponere
527 594 642 630 quam
682 582 721 619 id
760 590 890 620 tenere
933 592 1122 632 punctum
1166 587 1349 635 temporis
1390 596 1524 625 contra

124 647 359 694 religionem.
430 648 575 695 Magna
612 660 798 695 augurum
837 649 1070 696 auctoritas;
1113 650 1235 698 quid?
1277 650 1520 699 haruspicum

122 723 180 747 ars
200 723 330 747 nonne
351 710 507 747 divina?
565 712 677 747 Haec
697 718 735 748 et
751 712 1041 749 innumerabilia
1061 725 1108 750 ex
1132 714 1273 750 eodem
1294 727 1434 763 genere
1455 716 1520 764 qui

121 774 262 820 videat,
301 786 431 811 nonne
471 782 630 823 cogatur
668 775 843 812 confiteri
881 776 977 813 deos
1025 777 1138 813 esse?
1193 778 1368 825 Quorum
1416 779 1542 816 enim·

121 839 345 887 interpretes
383 845 482 883 sunt,
522 851 589 876 eos
628 839 732 888 ipsos
771 851 856 876 esse
895 847 998 877 certe
1043 853 1203 878 necesse
1246 848 1328 888 est;
1358 842 1520 880 deorum
1541 860 1572 877 ιο

120 910 249 940 autem
271 903 497 951 interpretes
518 910 606 940 sunt
621 917 631 949 ;
661 903 757 941 deos
777 904 890 952 igitur
918 916 1002 941 esse
1031 905 1228 942 fateamur.
1285 907 1335 942 At
1364 907 1520 944 fortasse

118 980 197 1004 non
225 968 356 1004 omnia
389 968 581 1012 eveniunt,
615 979 714 1016 quae
746 968 947 1016 praedicta
977 976 1075 1006 sunt.
1135 971 1196 1006 Ne
1228 970 1330 1019 aegri
1361 971 1521 1019 quidem

118 1033 207 1079 quia
237 1044 314 1068 non
345 1044 480 1068 omnes
511 1033 799 1078 convalescunt,
830 1033 978 1070 idcirco
1007 1046 1065 1070 ars
1094 1034 1199 1070 nulla
1228 1034 1422 1072 medicina
1449 1042 1519 1074 est.

119 1096 233 1144 Signa
274 1096 529 1133 ostenduntur
571 1109 593 1133 a
635 1096 693 1133 dis
736 1109 862 1134 rerum
905 1098 1129 1135 futurarum.
1188 1099 1233 1136 In
1278 1098 1336 1136 his
1379 1100 1410 1137 si
1453 1100 1519 1149 qui

118 1167 346 1206 erraverunt,
394 1172 473 1197 non
521 1160 683 1198 deorum
731 1168 877 1207 natura,
926 1162 995 1199 sed
1047 1162 1248 1200 hominum
1295 1164 1520 1202 coniectura
1539 1183 1568 1208 ις

116 1225 304 1273 peccavit.
364 1226 500 1273 Itaque
521 1225 618 1262 inter
638 1226 763 1262 omnis
784 1226 958 1263 omnium
977 1228 1150 1275 gentium
1171 1240 1322 1264 summa
1342 1235 1492 1266 constat
1505 1242 1518 1277 3

116 1294 295 1331 omnibus
322 1294 425 1331 enim
449 1294 624 1330 innatum
651 1301 708 1331 est
738 1301 776 1331 et
805 1295 843 1331 in
872 1295 1002 1332 animo
1032 1296 1139 1343 quasi
1170 1296 1403 1345 insculptum
1432 1309 1517 1335 esse

117 1358 223 1395 deos.
295 1358 437 1406 Quales
469 1359 555 1403 sint,
586 1358 731 1395 varium
763 1365 831 1404 est,
864 1371 947 1396 esse
978 1371 1094 1397 nemo
1128 1368 1253 1409 negat.
1311 1361 1517 1400 Cleanthes

115 1422 273 1470 quidem
294 1430 422 1459 noster
441 1428 620 1470 quattuor
640 1421 689 1459 de
719 1423 843 1460 causis
873 1423 968 1460 dixit
997 1424 1036 1461 in
1065 1425 1201 1461 animis
1230 1424 1430 1462 hominum
1460 1426 1515 1463 in-

115 1487 292 1523 formatas
322 1486 483 1523 deorum
513 1498 595 1523 esse
625 1487 816 1524 notiones.
875 1488 1041 1524 Primam
1071 1489 1198 1536 posuit
1227 1500 1325 1534 eam,
1360 1489 1410 1526 de
1439 1501 1516 1538 qua
1533 1508 1566 1526 20

115 1550 234 1587 modo
263 1550 353 1595 dixi,
383 1562 482 1598 quae
511 1557 594 1587 orta
623 1558 722 1588 esset
751 1562 800 1588 ex
827 1552 1098 1600 praesensione
1127 1564 1252 1589 rerum
1281 1553 1488 1591 futurarum
1503 1567 1514 1600 ;

114 1615 280 1660 alteram,
316 1627 431 1663 quam
461 1615 676 1662 ceperimus
706 1627 753 1652 ex
782 1615 1046 1664 magnitudine
1076 1616 1385 1663 commodorum,
1416 1629 1514 1665 quae

113 1680 373 1727 percipiuntur
392 1679 486 1715 caeli
507 1679 799 1727 temperatione,
821 1679 1056 1716 fecunditate
1076 1686 1259 1717 terrarum
1279 1681 1514 1729 aliarumque

113 1743 434 1780 commoditatum
455 1743 696 1791 conplurium
718 1744 856 1792 copia3
886 1744 1049 1789 tertiam,
1071 1756 1170 1792 quae
1191 1751 1346 1782 terreret
1366 1746 1513 1783 animos

113 1807 344 1853 fulminibus,
365 1808 669 1855 tempestatibus,
691 1808 844 1854 nimbis,
864 1808 1026 1853 nivibus,
1047 1808 1306 1857 grandinibus,
1327 1810 1512 1855 vastitate,
1531 1830 1563 1854 25

112 1872 338 1919 pestilentia,
386 1878 506 1908 terrae
555 1872 722 1909 motibus
770 1879 807 1909 et
854 1884 969 1921 saepe
1017 1873 1228 1909 fremitibus
1275 1873 1512 1922 lapideisque

113 1935 295 1972 imbribus
333 1942 371 1972 et
408 1936 523 1983 guttis
562 1936 740 1973 imbrium
778 1937 886 1984 quasi
925 1936 1103 1982 cruentis,
1142 1943 1224 1974 tum
1262 1937 1409 1974 labibus
1447 1945 1512 1975 aut

110 2000 318 2047 repentinis
355 2005 538 2036 terrarum
577 1999 754 2046 hiatibus,
793 2006 875 2038 tum
913 2007 1063 2049 praeter
1099 2007 1273 2037 naturam
1311 2001 1510 2039 hominum

111 2063 384 2111 pecudumque
405 2064 602 2112 portentis,
623 2070 705 2100 tum
725 2064 872 2101 facibus
900 2065 988 2101 visis
1017 2065 1256 2110 caelestibus,
1286 2071 1367 2102 tum
1397 2066 1510 2103 stellis

111 2129 166 2174 iis,
187 2141 280 2177 quas
302 2130 440 2167 Graeci
462 2136 646 2174 cometas,
667 2130 786 2167 nostri
814 2130 1051 2167 cincinnatas
1079 2137 1232 2175 vocant,
1262 2142 1360 2178 quae
1389 2143 1512 2179 nuper
1529 2151 1562 2174 30

109 2193 209 2230 bello
244 2194 458 2231 Octaviano
496 2205 721 2241 magnarum
759 2194 910 2231 fuerunt
947 2194 1207 2231 calamitatum
1246 2195 1507 2242 praenuntiae,

109 2264 189 2294 tum
211 2257 290 2294 sole
310 2258 516 2306 geminato,
538 2257 657 2305 quod,
677 2265 717 2294 ut
738 2269 758 2294 e
779 2265 886 2306 patre
906 2257 1046 2303 audivi,
1066 2258 1263 2295 Tuditano
1290 2265 1327 2295 et
1355 2259 1509 2306 Aquilio

109 2322 329 2359 consulibus
361 2327 552 2366 evenerat,
585 2333 662 2369 quo
697 2321 855 2369 quidem
887 2333 990 2358 anno
1026 2323 1066 2359 P.
1098 2322 1298 2359 Africanus
1331 2322 1387 2359 sol
1417 2323 1510 2360 alter

108 2386 298 2423 extinctus
346 2392 414 2431 est,
463 2385 600 2433 quibus
647 2385 813 2422 exterriti
861 2385 1037 2423 homines
1074 2386 1152 2422 vim
1190 2386 1385 2434 quandam
1425 2398 1508 2424 esse

108 2450 314 2487 caelestem
353 2456 390 2487 et
428 2449 596 2487 divinam
635 2449 815 2497 suspicati
854 2457 966 2496 sunt,
1005 2457 1178 2498 quartam
1217 2463 1372 2488 causam
1410 2463 1558 2497 esse,35
