1681 2752
402 199 486 229 Lm.
513 199 556 229 11.
602 200 966 231 cmxxv-xxvii.
1014 202 1053 241 §5
1071 201 1188 241 63-68.
1428 204 1486 244 99

195 299 345 338 Vides
391 300 596 337 sublime
643 301 820 347 fusum,
859 301 1217 339 inmoderatum
1264 302 1484 348 aethera,

196 365 288 412 Qui
335 365 508 401 terram
554 370 724 402 tenero
772 366 1095 402 circumiectu
1135 367 1482 415 amplectitur:

197 429 339 465 Hunc
395 430 626 465 summum
682 428 862 466 habeto
913 429 1093 475 divum,
1141 430 1268 467 hunc
1324 431 1483 480 perhi-

979 494 1093 531 beto
1142 495 1324 533 Iovem.

48 628 62 652 s
90 614 165 652 Αὲι-
183 621 325 659 autem,
346 621 387 651 ut
407 615 522 652 Stoici
544 614 751 664 disputant,
774 615 994 652 interiectus
1014 616 1113 652 inter
1132 628 1236 653 mare
1265 623 1304 653 et
1332 603 1540 673 θειθΙιπηξξξ,ἰ

91 678 249 715 Iunonis
277 678 434 715 nomine
462 686 721 723 consecratur,
743 691 842 727 quae
872 686 929 716 est
960 691 1067 716 soror
1097 679 1136 716 et
1167 680 1335 717 coniunx
1369 681 1481 726 Iovis,

88 742 196 790 quod
215 743 251 779 ei
274 742 481 780 similitudo
510 750 567 780 est
597 743 760 780 aetheris
791 751 829 780 et
863 756 952 780 cum
988 756 1036 781 eo
1067 756 1218 781 summa
1248 745 1481 781 coniunctio.

92 806 370 843 Effeminarunt
398 814 526 843 autem
557 819 645 844 eum
679 807 896 855 Iunonique
923 808 1146 853 tribuerunt,
1168 808 1275 856 quod
1306 808 1397 845 nihil
1428 816 1483 845 est

89 882 136 908 eo
165 870 326 908 mollius.
383 870 460 908 Sed
483 872 673 908 Iunonem
696 883 718 908 a
738 871 905 909 iuvando
926 872 1045 909 credo
1065 873 1315 910 nominatam.
1372 875 1483 921 Aqua

39 952 71 969 ιο
89 935 253 972 restabat
272 942 310 972 et
330 942 438 981 terra,
460 942 501 972 ut
521 943 650 972 essent
670 947 717 972 ex
746 936 880 973 fabulis
911 937 981 973 tria
1012 949 1128 985 regna
1148 937 1280 974 divisa.
1339 938 1481 974 Datum

88 1006 146 1036 est
182 999 293 1048 igitur
331 1000 528 1048 Neptuno,
563 1000 669 1037 alteri
702 1001 815 1045 Iovis,
851 1008 891 1037 ut
924 1001 1068 1047 volunt,
1104 1002 1216 1043 fratri,
1251 1002 1480 1038 maritimum

87 1075 204 1100 omne
223 1075 395 1112 regnum,
417 1076 640 1112 nomenque
669 1064 915 1113 productum,
937 1072 978 1102 ut
1011 1067 1199 1103 Portunus
1230 1078 1252 1102 a
1282 1074 1406 1114 portu,
1428 1067 1481 1103 sic

89 1128 294 1176 Neptunus
322 1140 345 1164 a
374 1127 505 1165 nando
531 1128 687 1177 paulurn
717 1129 848 1177 primis
879 1130 1009 1167 litteris
1040 1130 1260 1167 immutatis.
1316 1131 1484 1167 Terrena

87 1199 214 1229 autem
236 1192 291 1229 vis
311 1193 436 1229 omnis
456 1199 571 1241 atque
592 1199 726 1230 natura
747 1193 826 1230 Diti
847 1194 944 1242 patri
964 1193 1146 1231 dedicata
1165 1201 1234 1239 est,
1256 1195 1321 1242 qui
1353 1195 1481 1239 Dives,

39 1276 69 1300 ιε
88 1263 128 1294 ut
147 1256 252 1305 apud
273 1257 445 1295 Graecos
466 1257 655 1301 Πλούτων,
677 1258 767 1306 quia
795 1265 833 1295 et
860 1258 1039 1295 recidunt
1069 1259 1200 1295 omnia
1230 1259 1267 1295 in
1299 1266 1414 1295 terras
1446 1266 1484 1295 et

87 1326 259 1363 oriuntur
278 1337 298 1362 e
319 1326 437 1363 terris.
495 1326 569 1363 Cui
590 1332 748 1375 nuptam
770 1327 909 1363 dt'cunt
933 1328 1214 1375 Proserpinam,
1236 1327 1343 1375 quod
1365 1328 1481 1365 Grae-

87 1402 222 1428 corum
251 1403 394 1428 nomen
414 1397 496 1437 est3
527 1402 574 1427 ea
601 1391 705 1428 enim
734 1398 802 1437 est,
824 1403 923 1439 quae
946 1391 1169 1439 Περσεφόνη
1189 1393 1339 1430 Graece
1359 1393 1481 1429 nomi-

85 1461 207 1501 natur,
229 1466 345 1503 quam
375 1455 524 1504 frugum
554 1467 688 1492 semen
717 1467 800 1492 esse
821 1455 954 1492 volunt
984 1455 1332 1504 absconditamque
1353 1457 1483 1504 quaeri

86 1531 109 1556 a
128 1525 248 1556 matre
277 1519 438 1567 fingunt.
497 1520 625 1556 Mater
653 1525 782 1556 autem
813 1526 870 1556 est
901 1532 923 1556 a
952 1519 1130 1568 gerendis
1165 1520 1333 1568 frugibus
1365 1521 1482 1558 Ceres
1500 1530 1532 1556 67

35 1600 68 1618 20
86 1590 283 1632 tamquam
304 1587 313 1602 ‘
328 1584 450 1621 Geres
466 1584 486 1629 '‚
508 1595 678 1631 casuque
698 1584 823 1632 prima
846 1584 969 1620 littera
997 1583 1131 1620 itidem
1160 1585 1371 1630 immutata,
1392 1592 1433 1621 ut
1461 1598 1483 1621 a

86 1648 244 1687 Graecis
260 1662 270 1695 3
300 1660 392 1685 nam
420 1648 469 1685 ab
488 1648 558 1684 illis
578 1659 734 1696 quoque
756 1647 937 1696 Δημήτηρ
957 1648 1066 1695 quasi
1087 1648 1264 1696 Γημήτηρ
1284 1649 1483 1685 nominata

85 1719 154 1750 est.
212 1713 294 1749 Iam
315 1713 380 1761 qui
401 1724 541 1761 magna
558 1719 733 1757 verteret,
756 1712 924 1757 Mavors,
947 1713 1123 1749 Minerva
1143 1719 1283 1758 autem,
1305 1725 1404 1761 quae
1423 1714 1482 1750 vel

84 1777 274 1814 minueret
293 1777 353 1814 vel
373 1777 591 1814 minaretur.
648 1776 828 1824 Cumque
858 1777 897 1813 in
927 1777 1107 1813 omnibus
1127 1777 1241 1814 rebus
1261 1778 1337 1814 vim
1367 1777 1538 1818 habe-27

83 1850 167 1879 rent
203 1853 424 1879 maxumam
457 1841 580 1889 prima
613 1847 651 1877 et
689 1848 870 1886 extrema,
902 1841 1116 1889 principem
1154 1841 1193 1878 in
1231 1842 1481 1879 sacrificando

33 1923 66 1948 25
86 1906 224 1943 Ianum
255 1917 338 1942 esse
358 1905 571 1950 voluerunt,
593 1904 701 1953 quod
732 1905 781 1942 ab
810 1904 941 1942 eundo
972 1917 1116 1942 nomen
1148 1912 1205 1942 est
1236 1905 1412 1949 ductum,
1436 1919 1482 1943 ex

84 1982 162 2019 quo
181 1971 423 2007 transitiones
443 1970 596 2018 perviae
617 1972 625 1988 ‘
641 1969 716 2006 iani
731 1970 739 1985 ²
760 1969 938 2017 foresque
959 1970 998 2006 in
1017 1969 1210 2007 liminibus
1238 1971 1481 2018 profanarum

83 2034 240 2072 aedium
270 2035 450 2071 ‘ianuae‘
481 2034 739 2070 nominantur.
798 2034 901 2070 Nam
920 2034 1062 2070 Vestae
1089 2045 1234 2071 nomen
1254 2047 1277 2070 a
1297 2035 1480 2081 Graecis;

83 2110 130 2135 ea
158 2106 215 2136 est
243 2099 359 2143 enim,
380 2110 479 2146 quae
507 2098 557 2135 ab
585 2097 656 2135 illis
687 2096 820 2135 Ἑστία
853 2097 1004 2135 dicitur.
1060 2098 1128 2135 Vis
1162 2105 1291 2135 autem
1321 2099 1402 2136 eius
1432 2099 1482 2136 ad

82 2175 164 2200 aras
185 2170 222 2200 et
241 2163 350 2200 focos
370 2163 547 2211 pertinet.
606 2163 742 2210 Itaque
763 2162 802 2198 in
823 2174 869 2198 ea
889 2161 975 2207 dea,
997 2162 1104 2210 quod
1126 2169 1183 2199 est
1202 2175 1329 2200 rerum
1353 2170 1482 2201 custos

35 2244 66 2269 ³0
83 2226 327 2272 intumarum,
348 2226 474 2263 omnis
495 2233 532 2263 et
560 2226 732 2274 precatio
753 2232 790 2262 et
810 2225 1039 2263 sacrificatio
1068 2233 1240 2263 extrema
1268 2234 1337 2264 est.
1396 2227 1481 2264 Nec
1499 2240 1532 2265 68

82 2290 196 2339 longe
216 2291 354 2328 absunt
382 2290 432 2327 ab
451 2289 525 2326 hac
543 2289 581 2326 vi
610 2289 649 2326 di
679 2290 842 2326 Penates
872 2290 950 2326 sive
981 2302 1005 2326 a
1036 2302 1141 2339 penu
1173 2289 1294 2328 ducto
1324 2291 1482 2328 nomine

89 2355 167 2401 (est
195 2355 297 2391 enim
327 2366 456 2395 omne.
486 2366 565 2402 quo
593 2361 800 2390 vescuntur
829 2354 1017 2399 homines,
1047 2354 1190 2403 penus)
1226 2356 1305 2392 sive
1338 2356 1387 2392 ab
1421 2368 1481 2400 eo,

82 2418 189 2466 quod
209 2419 362 2467 penitus
382 2417 548 2455 insident
563 2431 573 2464 5
603 2429 651 2454 ex
671 2430 749 2466 quo
778 2418 893 2454 etiam
925 2419 1186 2466 ‘penetrales’
1217 2431 1240 2455 a
1269 2420 1395 2466 poetis
1415 2432 1480 2456 vo-

83 2489 228 2520 cantur.
286 2483 370 2520 Iam
388 2482 575 2531 Apollinis
598 2493 744 2518 nomen
773 2489 831 2519 est
859 2483 1067 2528 Graecum,
1088 2494 1205 2531 quern
1237 2483 1364 2520 Solem
1397 2495 1481 2521 esse
