1714 2807
171 163 224 214 56
605 168 669 201 DE
698 169 888 201 NATURA
920 167 1130 200 DEORUM.

170 273 209 311 id
238 273 372 319 vobis;
403 284 497 309 num
527 271 642 309 etiam
672 282 748 308 una
779 276 835 307 est
869 270 1042 307 omnium
1073 268 1216 305 facies?
1245 280 1333 305 nam
1363 268 1392 304 si
1422 268 1561 317 plures,

169 339 280 375 aliam
303 348 386 374 esse
408 337 480 373 alia
499 335 758 384 pulchriorem
779 345 937 371 necesse
959 340 1026 370 est.
1087 333 1204 381 Igitur
1223 332 1357 380 aliquis
1377 343 1456 368 non
1478 332 1560 381 pul-

171 403 380 440 cherrimus
414 400 522 437 deus.
581 399 616 436 Si
652 410 728 435 una
760 399 934 435 omnium
968 397 1084 434 facies
1119 403 1186 441 est,
1222 396 1354 432 florere
1386 396 1424 432 in
1455 396 1563 433 caelo

171 467 421 505 Academiam
456 475 615 500 necesse
651 470 733 508 est;
768 463 796 499 si
832 463 934 499 enim
969 461 1060 498 nihil
1095 461 1191 497 inter
1223 460 1341 497 deum
1375 467 1412 497 et
1447 459 1564 497 deum

120 537 150 562 81
173 532 307 575 dissert,
329 530 431 566 nulla
452 535 509 565 est
533 526 635 576 apud
667 526 762 563 deos
792 526 974 575 cognitio,
996 525 1097 562 nulla
1126 525 1335 573 perceptio.
1394 524 1511 572 Quid,
1534 524 1564 561 si

173 597 301 639 etiam,
329 593 463 637 Vellei,
492 592 626 629 falsum
657 590 748 627 illud
777 591 936 627 omnino
966 597 1034 634 est,
1064 589 1205 625 nullam
1234 589 1344 625 aliam
1374 588 1485 625 nobis
1514 587 1564 624 de

173 660 249 697 deo
270 658 527 706 cogitantibus
547 656 718 704 speciem
741 654 811 691 nisi
833 654 998 690 hominis
1027 653 1257 690 occurrere?
1285 659 1466 689 tamenne
1496 652 1567 688 ista

173 732 252 761 tam
272 722 438 760 absurda
459 720 674 758 defendes?
731 719 854 756 Nobis
877 718 1034 754 fortasse
1056 717 1110 754 sic
1130 717 1307 762 occurrit,
1330 723 1368 753 ut
1393 716 1489 753 dicis
1505 730 1514 762 3
1545 727 1568 752 a

174 788 297 837 parvis
331 787 433 823 enim
469 786 616 829 Iovem,
657 785 860 828 Iunonem,
898 782 1125 827 Minervam,
1159 782 1397 829 Neptunum,
1426 781 1563 817 Vulca-

175 865 280 897 num,
311 850 529 899 Apollinem
558 849 803 896 reliquosque
835 846 931 884 deos
962 858 1008 883 ea
1036 846 1132 882 facie
1163 845 1351 890 novimus,
1382 856 1458 892 qua
1486 844 1565 892 pic-

175 924 277 954 tores
297 916 526 962 fictoresque
548 913 758 956 voluerunt,
776 923 902 960 neque
923 911 1047 948 solum
1067 910 1176 954 facie,
1193 908 1263 946 sed
1284 909 1399 945 etiam
1419 915 1568 953 ornatu,

177 987 313 1025 aetate,
334 979 498 1024 vestitu3
528 984 565 1013 at
585 989 663 1013 non
692 976 869 1024 Aegyptii
898 987 971 1012 nec
999 974 1079 1022 Syri
1107 985 1181 1010 nec
1210 973 1287 1010 sere
1316 979 1457 1009 cuncta
1484 972 1568 1010 bar-

177 1045 279 1082 baria
296 1057 305 1090 3
335 1043 520 1080 firmiores
541 1042 643 1078 enim
664 1040 794 1077 videas
815 1039 919 1088 apud
941 1051 1007 1076 eos
1029 1038 1236 1090 opiniones·
1253 1049 1336 1074 esse
1363 1036 1412 1074 de
1439 1036 1570 1074 bestiis

1588 856 1620 872 10

179 1108 409 1158 quibusdam
430 1119 545 1155 quam
567 1104 671 1153 apud
695 1117 764 1141 nos
786 1104 835 1141 de
856 1103 1103 1140 sanctissimis
1132 1101 1284 1149 templis
1304 1107 1341 1137 et
1363 1101 1570 1137 simulacris
1619 1112 1622 1114 ’

128 1179 160 1205 82
179 1174 354 1211 deorum.
414 1171 567 1208 Etenim
589 1170 676 1206 sana
696 1169 813 1205 multa
842 1168 1003 1216 spoliata
1032 1174 1069 1203 et
1098 1166 1300 1203 simulacra
1328 1165 1491 1202 deorum
1520 1164 1570 1202 de

179 1238 273 1275 locis
306 1235 553 1274 sanctissimis
584 1234 709 1271 ablata
736 1232 910 1269 videmus
939 1244 959 1268 a
988 1231 1149 1276 nostris3
1193 1237 1231 1266 at
1258 1241 1349 1266 vero
1377 1241 1425 1265 ne
1455 1228 1572 1266 fando

181 1301 339 1350 quidem
369 1299 543 1337 auditum
575 1305 631 1335 est
666 1296 905 1334 crocodilum
934 1303 998 1332 aut
1027 1295 1104 1332 ibin
1133 1301 1197 1330 aut
1226 1294 1362 1330 faelem
1392 1293 1572 1331 violatum

181 1367 229 1404 ab
246 1365 447 1414 Aegyptio.
497 1362 602 1411 Quid
619 1363 728 1411 igitur
748 1361 911 1398 censes?
966 1360 1080 1408 Apim
1101 1359 1217 1404 illum,
1234 1365 1412 1395 sanctum
1423 1359 1573 1406 Aegyp-

181 1432 320 1468 tiorum
359 1429 512 1472 bovem,
551 1439 680 1463 nonne
721 1426 838 1463 deum
876 1424 993 1461 videri
1033 1423 1258 1472 Aegyptiis?
1311 1423 1409 1459 Tam
1447 1421 1574 1458 hercle

183 1510 298 1546 quam
333 1496 399 1533 tibi
435 1496 536 1531 illam
570 1501 733 1530 vestram
767 1493 972 1540 Sospitam,
1001 1504 1118 1539 quam
1153 1497 1192 1527 tu
1222 1502 1433 1538 numquam
1460 1501 1508 1526 ne
1537 1489 1574 1526 in

183 1563 326 1600 somnis
354 1560 512 1609 quidem
540 1558 647 1595 vides
681 1558 750 1594 nisi
783 1570 870 1594 cum
905 1557 1003 1605 pelle
1031 1556 1199 1604 caprina,
1229 1568 1318 1591 cum
1347 1555 1466 1599 hasta,
1488 1566 1576 1591 cum

184 1627 346 1667 scutulo,
381 1637 470 1661 cum
505 1623 683 1660 calceolis
717 1621 907 1670 repandis
966 1623 1015 1658 At
1048 1632 1126 1657 nou
1159 1627 1216 1656 est
1246 1619 1329 1656 talis
1360 1619 1474 1667 Argia
1504 1630 1576 1655 nec

185 1693 363 1729 Romana
395 1691 505 1726 Iuno.
564 1689 667 1736 Ergo
696 1687 768 1723 alia
797 1687 946 1734 species
979 1685 1137 1722 Iunonis
1168 1685 1325 1732 Argivis,
1352 1684 1424 1720 alia
1454 1684 1577 1720 Lanu-

184 1756 293 1800 vinis,
323 1755 404 1790 alia
439 1753 557 1789 nabis.
617 1752 664 1788 Et
695 1750 854 1799 quidem
889 1751 961 1788 alia
994 1751 1106 1788 nobis
1141 1750 1358 1799 Capitolini,
1381 1749 1453 1786 alia
1481 1748 1578 1786 Afris

127 1805 424 1874 {PHammonis
447 1817 559 1854 Iovis.
617 1816 708 1852 Non
729 1815 849 1864 pudet
875 1816 985 1864 igitur
1014 1815 1228 1864 physicum,
1251 1814 1289 1851 id
1319 1821 1378 1851 est
1405 1813 1577 1862 specula-

185 1892 306 1921 torem
338 1888 639 1928 venatoremque
670 1887 839 1925 naturae,
872 1881 920 1917 ab
953 1880 1089 1917 animis
1124 1878 1405 1916 consuetudine
1439 1877 1579 1914 inbutis

186 1956 315 1997 petere
347 1945 608 1983 testimonium
639 1945 832 1981 veritatis?
891 1946 970 1982 Isto
1006 1945 1109 1981 enim
1142 1943 1262 1981 modo
1293 1943 1421 1980 dicere
1451 1941 1580 1978 licebit

188 2013 321 2050 Iovem
351 2022 504 2059 semper
531 2010 745 2054 barbatum,
767 2010 984 2059 Apollinem
1015 2021 1170 2056 semper
1198 2007 1409 2051 inberbem,
1432 2006 1579 2043 caesios

186 2077 319 2114 oculos
354 2075 565 2119 Minervae,
597 2075 793 2111 caeruleos
829 2086 911 2111 esse
948 2073 1134 2122 Neptuni.
1194 2073 1242 2109 Et
1262 2071 1419 2120 quidem
1450 2069 1578 2107 lauda·

187 2153 271 2178 mus
302 2139 462 2177 Athenis
491 2139 710 2176 Volcanum
746 2151 846 2183 eum,
882 2150 999 2186 quem
1033 2137 1123 2174 fecit
1157 2137 1398 2180 Alcamenes,
1431 2135 1469 2171 in
1502 2146 1579 2182 quo

187 2211 309 2243 stante
343 2211 458 2252 atque
492 2204 629 2240 vestito
644 2209 648 2217 ²
661 2203 792 2240 leviter
822 2209 982 2251 apparet
1013 2200 1244 2238 claudicatio
1278 2212 1355 2236 non
1386 2198 1579 2236 deformis.

188 2269 382 2308 Claudum
421 2269 532 2317 igitur
570 2267 798 2304 habebimus
839 2266 968 2310 deum,
1008 2265 1192 2313 quoniam
1231 2264 1280 2300 de
1313 2263 1489 2300 Volcano
1527 2263 1580 2298 sic

188 2334 423 2382 accepimus.
482 2334 563 2380 Age
589 2338 625 2368 et
651 2331 707 2367 his
736 2330 930 2367 vocabulis
960 2341 1043 2366 esse
1073 2329 1168 2365 deos
1199 2327 1371 2372 facimus,
1393 2327 1531 2374 quibus
1561 2338 1582 2362 a

139 2412 171 2438 84
189 2399 300 2436 nobis
339 2397 612 2435 nominantur?
667 2397 716 2432 At
754 2395 931 2443 primum,
967 2400 1060 2441 quot
1095 2393 1295 2429 hominum
1329 2391 1492 2439 linguae,
1526 2380 1582 2426 tot

1592 1177 1622 1202 ¹5

1597 1826 1629 1849 ²5

1601 2150 1632 2173 30

190 2463 349 2500 nomina
369 2461 543 2499 deorum.
602 2460 693 2496 Non
714 2458 829 2504 enim,
850 2464 891 2495 ut
919 2464 958 2494 tu
988 2456 1167 2501 Velleius,
1189 2466 1438 2504 quocumque
1466 2465 1580 2491 vene·
1601 2469 1632 2493 35
