1714 2807
204 173 261 224 96
642 181 704 212 DE
735 180 927 212 NATURA
955 179 1166 212 DEORUM.

141 287 190 323 22
252 285 357 321 Zeno
377 283 490 333 igitur
508 290 682 320 naturam
703 283 754 319 ita
773 282 919 327 definit,
939 288 981 318 ut
1001 293 1086 318 eam
1107 281 1211 318 dicat
1239 281 1368 330 ignem
1397 293 1480 320 esse
1509 281 1595 320 arti-
1610 307 1635 320 κ

198 347 387 393 ficiosum,
409 347 459 384 ad
487 346 726 396 gignendum
755 346 1065 395 progredientem
1086 346 1156 383 via.
1215 346 1360 384 Censet
1383 347 1486 383 enim
1507 347 1595 384 artis

198 424 377 449 maxume
408 412 605 460 proprium
625 422 709 448 esse
730 422 859 447 creare
881 417 919 446 et
938 411 1093 458 gignere
1109 424 1120 456 3
1149 409 1335 458 quodque
1356 410 1394 446 in
1415 411 1595 458 operibus

196 483 410 513 nostrarum
431 476 567 512 artium
598 487 733 511 manus
757 474 908 518 efficiat,
931 473 970 510 id
1000 474 1120 510 multo
1151 474 1391 511 artificiosius
1421 482 1595 511 naturam

196 540 361 585 efficere,
393 539 433 576 id
467 546 536 584 est,
567 546 608 575 ut
641 538 732 583 dixi,
762 538 890 586 ignem
916 537 1176 582 artificiosum,
1206 538 1428 585 magistrum
1458 539 1594 575 artium
1622 551 1636 575 5

195 604 438 652 reliquarum.
495 605 622 651 Atque
644 602 716 638 hac
737 601 895 650 quidem
916 602 1061 638 ratione
1082 601 1207 638 omnis
1237 609 1371 638 natura
1390 602 1596 639 artificiosa

195 675 264 713 est,
285 667 393 716 quod
422 667 537 704 habet
557 666 664 715 quasi
684 666 784 702 viam
805 664 999 713 quandam
1022 672 1058 701 et
1078 672 1236 710 sectam,
1257 677 1373 713 quarn
1403 672 1594 714 sequatur.

144 741 178 766 58
198 732 323 780 Ipsius
342 743 434 768 vero
453 730 602 776 mundi,
623 730 688 778 qui
717 729 849 766 onmia
873 729 1065 776 conplexu
1085 740 1156 766 suo
1175 730 1330 766 coercet
1351 736 1388 766 et
1409 731 1594 775 continet,

195 803 329 832 natura
349 807 427 832 non
448 795 651 831 artificiosa
671 793 807 837 solum,
829 791 898 829 sed
919 792 1032 840 plane
1053 793 1187 829 artifex
1207 793 1256 830 ab
1275 793 1417 830 eodem
1437 795 1594 831 Zenone

195 859 345 905 dicitur,
367 859 574 896 consultrix
604 864 643 894 et
673 856 834 906 provida
866 856 1069 892 utilitatum
1099 857 1480 905 oportunitatumque
1511 869 1593 894 om-
1614 873 1646 890 10

194 925 313 960 nium.
383 925 511 971 Atque
558 928 600 959 ut
647 928 797 958 ceterae
844 927 1001 957 naturae
1048 920 1124 957 suis
1171 921 1380 958 seminibus
1417 933 1594 970 quaeque

193 989 410 1036 gignuntur,
432 993 654 1035 augescunt,
676 985 934 1030 continentur,
955 985 1009 1021 sic
1029 991 1164 1021 natura
1192 984 1326 1021 mundi
1356 986 1480 1022 omnis
1511 998 1593 1023 mo-

194 1059 254 1088 tus
287 1052 404 1088 habet
436 1051 668 1087 voluntarios
703 1056 942 1097 conatusque
976 1056 1014 1085 et
1048 1047 1319 1096 adpetitiones,
1351 1061 1445 1097 quas
1477 1050 1593 1098 ὁρμάς

195 1116 335 1153 Graeci
368 1121 520 1159 vocant,
557 1121 594 1151 et
632 1114 689 1150 his
728 1120 1008 1150 consentaneas
1046 1113 1218 1149 actiones
1257 1113 1311 1150 sic
1350 1113 1519 1159 adhibet,
1553 1121 1595 1151 ut
1618 1130 1621 1133 ·

193 1186 345 1216 nosmet
366 1179 448 1227 ipsi,
470 1179 534 1226 qui
554 1178 690 1214 animis
710 1189 910 1214 movemur
930 1184 968 1214 et
988 1177 1174 1214 sensibus.
1230 1178 1332 1214 Talis
1354 1178 1464 1226 igitur
1483 1190 1592 1216 mens
1613 1191 1642 1215 ¹⁵

194 1243 328 1280 mundi
349 1255 438 1279 cum
460 1243 505 1279 sit
526 1242 577 1279 ob
597 1253 760 1289 eamque
781 1253 938 1278 causam
958 1241 1018 1277 vel
1039 1240 1242 1289 prudentia
1262 1241 1320 1277 vel
1351 1242 1594 1289 providentia

193 1307 374 1355 appellari
395 1313 498 1343 recte
518 1306 637 1354 possit
665 1306 836 1352 (Graece
857 1305 961 1342 enim
981 1305 1133 1353 πρόνοια
1152 1305 1329 1352 dicitur),
1353 1305 1449 1342 haec
1474 1306 1591 1354 potis-

192 1371 331 1408 simum
352 1370 528 1419 providet
548 1377 587 1406 et
607 1370 644 1406 in
669 1369 726 1406 his
747 1369 913 1406 maxime
934 1375 992 1406 est
1011 1376 1213 1418 occupata,
1235 1370 1400 1418 primum
1421 1377 1461 1406 ut
1483 1383 1590 1407 mun-

192 1434 265 1472 dus
285 1447 401 1483 quam
431 1434 648 1482 aptissimus
677 1434 723 1470 sit
753 1433 803 1470 ad
835 1433 1154 1481 permanendum,
1177 1433 1318 1470 deinde
1350 1441 1391 1471 ut
1421 1435 1523 1471 nulla
1552 1447 1592 1472 re

191 1506 315 1548 egeat,
347 1511 527 1536 maxume
558 1505 686 1534 autem
718 1504 759 1535 ut
789 1498 828 1534 in
859 1510 907 1534 eo
941 1498 1082 1534 eximia
1114 1498 1361 1546 pulchritudo
1396 1499 1442 1536 sit
1476 1506 1591 1548 atque
1611 1516 1644 1532 20
1699 1517 1702 1519 Α

192 1564 319 1600 omnis
349 1571 515 1600 ornatus.

134 1618 183 1653 23
250 1628 408 1665 Dictum
438 1635 495 1664 est
514 1626 563 1663 de
584 1627 761 1664 universo
790 1626 950 1672 mundo,
972 1626 1119 1664 dictum
1149 1628 1264 1664 etiarn
1293 1635 1350 1666 est
1380 1628 1430 1666 de
1461 1629 1592 1666 sideri—

142 1663 155 1676 f

140 1663 175 1688 ⁰9
191 1693 275 1738 bus,
296 1692 433 1729 utiam
462 1703 583 1740 prope
614 1690 775 1727 modum
805 1698 989 1739 appareat
1020 1692 1225 1729 multitudo
1256 1705 1329 1730 nec
1361 1695 1593 1731 cessantium

191 1756 355 1794 deorum
375 1768 449 1793 nec
469 1767 527 1801 ea,
548 1767 645 1803 quae
667 1762 793 1803 agant,
814 1755 1053 1792 molientium
1084 1769 1173 1793 curn
1203 1757 1332 1794 labore
1362 1770 1527 1806 operoso
1548 1771 1593 1796 ac

191 1821 370 1858 molesto.
427 1820 519 1857 Non
540 1820 643 1856 enirn
663 1819 771 1856 venis
792 1825 829 1856 et
849 1820 973 1856 nervis
1003 1827 1040 1857 et
1069 1821 1218 1858 ossibus
1247 1822 1493 1859 continentur
1519 1835 1592 1860 nec
1610 1836 1642 1860 25

192 1886 237 1922 iis
257 1885 355 1922 escis
375 1891 440 1922 aut
459 1884 681 1932 potionibus
702 1891 919 1929 vescuntur,
941 1891 982 1920 ut
1010 1892 1074 1921 aut
1105 1885 1217 1922 nimis
1247 1897 1354 1923 acres
1385 1894 1450 1923 aut
1481 1887 1592 1924 nimis

192 1957 398 1986 concretos
429 1960 582 1985 umores
614 1948 820 1996 conligant,
851 1960 925 1984 nec
956 1949 1000 1985 iis
1032 1950 1256 1997 corporibus
1287 1957 1386 1996 sunt,
1411 1957 1452 1987 ut
1482 1963 1592 1988 casus

191 2020 259 2050 aut
296 2014 393 2050 ictus
432 2013 684 2049 extimescant
722 2020 787 2048 aut
826 2013 982 2050 morbos
1020 2020 1194 2050 metuant
1232 2025 1279 2050 ex
1317 2013 1590 2063 defetigatione

192 2078 453 2115 membrorum
470 2090 480 2123 3
509 2088 608 2124 quae
629 2088 764 2113 verens
782 2077 971 2125 Epicurus
991 2089 1304 2126 monogrammos
1324 2077 1420 2116 deos
1441 2085 1479 2115 et
1500 2079 1592 2116 nihil

141 2152 176 2177 60
193 2150 350 2191 agentes
371 2148 613 2178 commentus
634 2148 702 2177 est.
761 2141 817 2177 Illi
839 2148 967 2178 autern
996 2142 1249 2190 pulcherrima
1280 2143 1400 2179 forma
1429 2143 1591 2191 praediti
1610 2159 1643 2183 30

192 2206 469 2255 purissimaque
491 2205 529 2241 in
549 2205 705 2253 regione
726 2205 821 2241 caeli
843 2205 1020 2242 collocati
1051 2206 1102 2242 ita
1131 2206 1300 2243 feruntur
1328 2206 1589 2244 moderantur-

193 2283 268 2318 que
302 2282 446 2315 cursus,
481 2276 522 2306 ut
555 2268 605 2305 ad
639 2269 770 2305 omnia
807 2269 1072 2307 conservanda
1105 2277 1142 2307 et
1174 2270 1318 2307 tuenda
1351 2271 1590 2308 consensisse

192 2334 405 2371 videantur.

250 2399 396 2436 Multae
430 2406 559 2435 autern
595 2398 690 2435 aliae
729 2405 885 2435 naturae
924 2397 1084 2435 deorum
1123 2410 1169 2435 ex
1207 2399 1355 2448 magnis
1393 2399 1591 2437 beneficiis

193 2475 327 2500 eorum
349 2475 426 2499 non
447 2463 528 2499 sine
553 2474 667 2498 causa
687 2469 725 2498 et
744 2474 767 2498 a
786 2462 972 2500 Graeciae
1003 2462 1289 2510 sapientissimis
1318 2470 1356 2500 et
1386 2476 1409 2500 a
1439 2463 1588 2501 maiori·
1607 2478 1640 2503 3⁵
