1714 2807
69 1135 103 1161 19

72 1712 105 1737 20

78 2331 102 2365 9

72 2375 102 2400 21

122 180 173 228 38
555 186 617 216 DE
647 186 837 217 NATURA
871 185 1079 216 DEORUM.

119 302 215 334 mus,
238 289 354 327 Cotta
374 288 521 333 viderit,
543 294 582 324 tu
610 293 739 324 autem
763 287 854 323 nolo
875 286 1068 323 existimes
1095 297 1158 322 me
1187 284 1403 322 adiutorem
1424 284 1513 322 huic

119 354 280 398 venisse,
304 352 372 389 sed
393 352 621 396 auditorem,
643 358 681 388 et
702 350 862 399 quidem
891 362 1070 398 aequum,
1092 349 1210 386 libero
1236 349 1391 394 iudicio,
1413 349 1514 386 nulla

119 408 199 455 eius
221 417 327 454 modi
349 416 573 453 adstrictum
594 415 835 460 necessitate,
858 421 899 451 ut
929 414 1033 463 mihi,
1055 414 1169 450 velim
1190 413 1321 459 nolim,
1343 413 1390 449 sit
1410 420 1515 450 certa

119 482 310 530 quaedam
334 480 477 517 tuenda
497 480 699 517 sententia.
1265 470 1269 474 “

171 548 271 584 Tum
303 546 471 583 Velleius
500 545 664 581 fidenter
690 555 793 589 sane,
822 550 862 580 ut
892 543 1016 580 solent
1043 543 1114 588 isti,
1142 543 1234 580 nihil
1260 549 1338 579 tarn
1364 554 1511 587 verens,

119 624 233 659 quam
266 623 313 647 ne
346 610 520 647 dubitare
553 609 682 657 aliqua
715 607 765 645 de
799 620 838 644 re
873 607 1075 652 videretur,
1096 614 1295 655 tamquam
1327 606 1448 643 modo
1468 617 1516 642 ex

119 676 281 712 deorum
326 675 492 711 concilio
535 680 573 710 et
621 685 669 710 ex
719 672 875 720 Epicuri
924 671 1191 708 intermundiis
1235 670 1514 715 descendisset,

119 740 272 785 Audite,
308 739 442 787 inquit,
483 750 562 774 non
601 737 730 774 futtilis
770 736 1142 783 commenticiasque
1183 735 1402 780 sententias,
1436 746 1515 771 non

120 805 301 852 opificem
331 802 699 849 aedificatoremque
731 800 878 845 mundi,
912 800 1078 837 Platonis
1108 799 1157 836 de
1191 800 1354 836 Timaeo
1384 799 1514 845 deum,

120 865 192 905 ne‘c
231 880 347 904 anum
377 866 586 911 fatidicam,
619 866 835 903 Stoicorum
874 863 1055 913 πρόνοιαν,
1095 876 1212 912 quam
1252 864 1386 900 Latine
1425 863 1514 900 licet

119 931 480 980 providentiam
516 930 658 975 dicere,
682 941 810 977 neque
837 931 928 966 Vero
951 927 1142 966 mundum
1170 928 1294 976 ipsum
1321 928 1452 964 animo
1478 934 1516 964 et

120 997 293 1033 sensibus
322 995 553 1043 praeditum,
570 994 793 1038 rotundum,
816 993 1028 1038 ardentem,
1049 993 1256 1030 volubilem
1277 992 1406 1038 deum,
1427 1004 1513 1040 por-

120 1067 226 1097 tenta
245 1067 283 1097 et
311 1060 493 1096 miracula
522 1071 600 1096 non
631 1058 901 1095 disserentium
931 1057 1262 1106 philosophorum,
1283 1056 1353 1093 sed
1374 1056 1514 1093 somni-

120 1126 278 1161 antium.
355 1124 506 1171 Quibus
545 1124 647 1159 enim
687 1123 808 1159 oculis
852 1120 1012 1172 [animi]
1057 1121 1193 1158 intueri
1231 1121 1356 1169 potuit
1393 1127 1518 1157 vester

122 1190 229 1226 Plato
261 1188 443 1225 fabricam
478 1188 579 1224 illam
613 1187 707 1223 tanti
741 1186 880 1235 operis,
914 1198 991 1234 qua
1024 1185 1195 1222 construi
1229 1198 1252 1222 a
1285 1184 1361 1222 deo
1400 1192 1515 1233 atque

121 1253 314 1290 aedificari
349 1251 537 1288 mundum
573 1252 690 1288 facit?
727 1263 825 1299 quae
860 1251 1020 1295 molitio,
1051 1261 1150 1298 quae
1180 1250 1420 1295 ferramenta,
1451 1249 1517 1297 qui

120 1324 263 1362 vectes,
304 1329 402 1365 quae
443 1317 657 1361 machinae,
698 1315 763 1363 qui
802 1314 961 1351 ministri
1000 1314 1095 1350 tanti
1134 1314 1302 1350 muneris
1339 1314 1518 1351 fuerunt?

121 1394 238 1430 quem
260 1381 309 1418 ad
339 1380 500 1417 modum
531 1387 660 1417 autem
681 1379 866 1417 oboedire
892 1385 929 1415 et
958 1390 1090 1427 parere
1111 1378 1296 1415 voluntati
1318 1378 1516 1414 architecti

121 1447 197 1492 aer,
219 1446 328 1494 ignis,
350 1457 462 1493 aqua,
484 1451 582 1481 terra
601 1444 837 1493 potuerunt?
865 1442 970 1479 unde
991 1454 1081 1479 vero
1111 1449 1215 1479 ortae
1241 1442 1325 1478 illac
1347 1442 1516 1490 quinque

122 1511 280 1555 formae,
302 1521 350 1546 ex
377 1509 515 1557 quibus
544 1509 689 1556 reliqua
708 1508 929 1552 formantur,
951 1512 1039 1554 apte
1070 1505 1255 1542 cadentes
1275 1505 1325 1542 ad
1346 1506 1515 1542 animum

122 1573 373 1611 afficiendum
412 1572 697 1622 pariendosque
737 1571 899 1609 sensus?
974 1571 1152 1618 Longum
1190 1577 1247 1607 est
1285 1570 1334 1606 ad
1374 1570 1516 1616 onmia,

123 1651 222 1687 quae
252 1639 341 1675 talia
369 1645 468 1682 sunt,
490 1644 530 1674 ut
560 1644 693 1685 optata
722 1637 842 1684 magis
863 1647 980 1683 quam
1009 1635 1164 1671 inventa
1192 1634 1393 1671 videantur
1407 1648 1417 1681 ¹;
1448 1634 1517 1671 sed

124 1705 185 1741 illa
221 1703 417 1752 palmaria,
456 1702 575 1751 quod,
615 1702 680 1749 qui
717 1713 797 1738 non
843 1699 962 1737 modo
1001 1706 1134 1736 natum
1173 1699 1360 1736 mundum
1400 1699 1515 1735 intro-

123 1768 286 1813 duxerit,
317 1767 386 1804 sed
420 1767 535 1803 etiam
573 1779 688 1802 manu
728 1776 853 1814 paene
883 1764 1038 1808 factum,
1070 1764 1100 1800 is
1139 1776 1228 1800 eum
1267 1763 1404 1800 dixerit
1437 1763 1516 1800 sore

123 1833 412 1880 sempiternum.
472 1831 591 1867 Hunc
621 1842 757 1866 censes
786 1828 930 1877 primis,
955 1834 996 1864 ut
1025 1827 1175 1873 dicitur,
1206 1827 1316 1864 labris
1345 1834 1516 1875 gustasse

123 1896 418 1945 physiologiam,
449 1894 488 1931 id
521 1901 579 1931 est
616 1901 773 1930 naturae
812 1893 1013 1937 rationem,
1053 1891 1119 1939 qui
1156 1892 1377 1939 quicquam,
1410 1891 1517 1939 quod

123 1968 249 1997 ortum
275 1960 333 2004 sit,
354 1966 464 2007 putet
497 1965 695 1995 aeternum
730 1969 812 1993 esse
843 1957 984 2005 posse?
1042 1956 1151 2003 Quae
1177 1963 1234 1992 est
1265 1956 1368 1992 enim
1402 1967 1514 2003 coag-

124 2024 309 2062 mentatio
339 2035 418 2059 non
453 2022 710 2059 dissolubilis?
738 2028 803 2058 aut
837 2019 931 2068 quid
965 2027 1033 2065 est,
1056 2020 1164 2056 cuius
1198 2019 1430 2068 principium
1451 2019 1516 2056 ali-

123 2088 230 2137 quod
260 2088 318 2133 sit,
340 2087 432 2124 nihil
461 2087 507 2123 sit
537 2086 779 2123 extremum?
835 2086 1012 2122 Pronoea
1039 2095 1129 2121 vcro
1158 2091 1294 2129 vestra,
1322 2084 1455 2129 Lucili,
1487 2084 1517 2121 si

124 2160 181 2190 est
209 2153 353 2196 eadem,
384 2151 522 2188 eadem
552 2150 716 2198 requiro,
747 2161 846 2197 quae
876 2149 992 2198 paulo
1021 2155 1121 2193 ante,
1144 2148 1348 2193 ministros,
1370 2148 1513 2185 machi-

122 2231 203 2263 nas,
225 2229 383 2254 omnem
418 2216 532 2252 totius
553 2215 679 2262 operis
700 2214 1017 2262 dissignationem
1040 2220 1155 2261 atque
1176 2219 1402 2260 apparatum
1418 2226 1428 2259 3
1459 2213 1516 2249 sin

123 2282 195 2318 alia
223 2288 292 2326 est,
314 2293 382 2317 cur
410 2279 610 2316 mortalem
640 2278 771 2314 fecerit
802 2277 1005 2322 mundum,
1026 2288 1117 2322 non,
1139 2288 1254 2324 quem
1276 2275 1327 2313 ad
1355 2275 1515 2313 modum

126 2346 344 2382 Platonicus
384 2344 492 2389 deus,
525 2343 814 2390 sempiternum.
871 2341 932 2378 Ab
960 2348 1122 2388 utroque
1163 2348 1291 2377 autem
1332 2341 1515 2385 sciscitor,

123 2423 191 2446 cur
216 2409 351 2446 mundi
380 2409 645 2445 aedificatores
674 2413 833 2454 repente
862 2405 1084 2450 exstiterint,
1113 2405 1407 2442 innumerabilia
1435 2416 1516 2441 sac-

124 2474 183 2510 cla
212 2473 461 2518 dormierint,
491 2484 570 2509 non
601 2471 715 2516 enim,
746 2471 775 2507 si
805 2469 972 2507 mundus
1011 2469 1133 2506 nullus
1164 2478 1253 2515 erat,
1285 2469 1410 2506 saecla
1438 2480 1516 2505 non

1535 877 1566 894 10

1536 1196 1566 1220 15

1536 1520 1568 1537 20

1536 1843 1567 1867 ²5

1535 2163 1568 2187 30

1536 2487 1567 2511 35
