1681 2752
531 156 615 186 Lm.
636 155 681 186 11.
727 155 969 193 CA1¹.111‚IV.
1016 155 1054 196 ξς
1073 155 1168 187 σ-ιι.
1491 150 1540 189 81

148 258 315 308 imperiis
335 270 417 295 rem
438 257 631 306 publicam
651 256 936 305 amplificatam,
959 257 1024 305 qui
1044 258 1289 306 religionibus
1318 260 1544 307 paruissent.

150 323 198 360 Et
227 324 257 360 si
287 323 458 359 conferre
488 321 662 358 volumus
692 328 820 357 nostra
849 333 938 357 cum
968 322 1145 367 externis,
1174 324 1310 359 ceteris
1339 324 1452 360 rebus
1482 331 1546 360 aut

146 399 256 436 pares
286 393 351 423 aut
389 386 503 423 etiam
538 385 733 421 inferiores
770 385 1016 432 reperiemur,
1051 384 1245 434 religione,
1282 386 1320 423 id
1354 395 1411 424 est
1440 388 1544 424 cultu

147 451 319 496 deorum,
356 449 476 486 multo
510 449 736 497 superiores
794 450 854 485 An
886 449 964 485 Atti
1001 449 1112 485 Navii
1142 450 1254 486 lituus
1285 451 1465 499 ille,·quo
1495 452 1545 488 ad

147 513 451 563 investigandum
479 525 587 550 suem
617 513 793 561 regiones
819 514 954 550 vineae
981 514 1209 559 terminavit,
1235 516 1545 553 contemnendus

145 579 230 616 est?
284 577 508 622 Crederem,
536 577 607 614 nisi
637 577 718 614 eius
747 578 906 626 augurio
935 590 1002 614 rex
1033 579 1221 615 Hostilius
1252 580 1418 616 maxima
1447 580 1547 616 bella

123 643 334 692 gessisset.
392 641 468 679 Sed
497 641 740 690 neglegentia
765 642 972 679 nobilitatis
1000 643 1145 690 augurii
1173 642 1376 691 disciplina
1404 645 1547 680 omissa

94 851 126 867 10

92 1175 122 1198 15

89 1499 123 1516 20

88 1818 119 1842 25

88 2139 120 2162 30

89 2455 121 2479 35

143 708 279 744 veritas
305 707 562 755 auspiciorum
587 714 715 755 spreta
741 714 809 751 est,
835 707 984 754 species
1011 713 1160 743 tantum
1190 714 1348 744 retenta.
1408 709 1545 756 Itaque

144 772 332 808 maximae
361 771 414 807 rei
444 771 621 819 publicae
651 778 789 818 partes,
820 771 858 807 in
889 771 945 807 his
975 771 1085 816 bella,
1115 771 1253 819 quibus
1281 772 1336 808 rei
1364 773 1544 820 publicae

143 836 243 873 salus
270 836 498 880 continetur,
526 835 637 872 nullis
660 835 840 883 auspiciis
867 835 1190 881 administrantur,
1215 836 1318 872 nulla
1345 837 1545 884 peremnia

143 908 348 944 servantur,
370 900 473 936 nulla
493 912 540 936 ex
559 899 812 944 acuminibus,
833 900 946 945 nulla,
968 912 1053 936 cum
1073 900 1141 936 viri
1160 907 1357 945 vocantur,
1388 912 1436 937 ex
1464 913 1542 949 quo

143 965 181 1002 in
220 965 420 1013 procinctu
441 965 690 1001 *testamenta
730 964 935 1012 perierunt.
992 965 1093 1001 Tum
1131 965 1236 1001 enim
1274 965 1374 1001 bella
1411 977 1542 1013 gerere

142 1029 259 1066 nostri
280 1028 399 1066 duces
420 1029 620 1076 incipiunt,
641 1041 731 1065 cum
760 1029 933 1077 auspicia
960 1036 1184 1076 posuerunt.
1240 1030 1290 1065 At
1317 1041 1408 1066 vero
1437 1029 1542 1078 apud

142 1094 304 1130 maiores
325 1100 430 1130 tanta
448 1093 639 1141 religionis
662 1093 716 1129 vis
737 1093 817 1136 fuit,
840 1100 880 1129 ut
900 1092 1058 1140 quidam
1080 1093 1328 1140 imperatores
1356 1094 1471 1130 etiam
1500 1106 1541 1130 se

142 1158 245 1206 ipsos
266 1157 324 1194 dis
345 1157 609 1194 inmortalibus
630 1157 757 1205 capite
777 1156 904 1193 velato
925 1157 1048 1193 verbis
1077 1157 1190 1193 certis
1220 1169 1289 1205 pro
1318 1169 1358 1194 re
1387 1158 1542 1205 publica

141 1222 386 1259 devoverent.
444 1222 569 1258 Multa
617 1233 665 1258 ex
709 1221 897 1269 Sibyllinis
939 1221 1284 1265 vaticinationibus,
1330 1222 1450 1258 multa
1493 1235 1542 1259 ex

141 1286 387 1335 haruspicum
420 1286 614 1334 responsis
648 1297 954 1323 commemorare
988 1297 1161 1334 possum,
1196 1286 1335 1334 quibus
1369 1298 1414 1322 ea
1448 1298 1539 1323 con-

139 1351 348 1397 firmentur,
370 1363 470 1399 quae
491 1350 609 1388 dubia
627 1351 772 1387 nemini
793 1349 939 1387 debent
958 1362 1056 1387 esse.
1112 1350 1229 1398 Atqui
1256 1357 1293 1386 et
1322 1358 1538 1387 nostrorum

139 1428 327 1464 augurum
346 1423 385 1453 et
406 1416 658 1452 Etruscorum
678 1415 925 1463 haruspicum
946 1414 1189 1462 disciplinam
1220 1415 1260 1451 P.
1292 1415 1471 1462 Scipione
1494 1416 1539 1453 C.

141 1480 276 1529 Figulo
307 1480 529 1517 consulibus
559 1492 618 1517 res
651 1480 734 1528 ipsa
766 1480 941 1527 probavit
957 1493 966 1524 ;
997 1490 1094 1527 quos
1125 1491 1215 1515 cum
1245 1479 1303 1515 Ti.
1339 1480 1538 1517 Gracchus

139 1544 273 1581 consul
294 1545 431 1581 iterum
451 1552 608 1589 crearet,
631 1545 777 1592 primus
797 1551 960 1592 rogator,
982 1550 1023 1579 ut
1043 1555 1111 1579 eos
1132 1543 1285 1587 rettulit,
1308 1542 1451 1580 ibidem
1482 1551 1540 1580 est

139 1616 297 1657 repente
318 1616 501 1646 mortuus.
559 1608 759 1646 Gracchus
780 1620 869 1644 cum
890 1607 1048 1644 comitia
1067 1607 1187 1644 nihilo
1217 1608 1342 1644 minus
1372 1609 1537 1656 peregis-

138 1680 197 1710 set
233 1685 393 1721 remque
432 1673 534 1710 illam
572 1673 610 1710 in
646 1673 870 1721 religionem
910 1672 1055 1720 populo
1093 1672 1242 1708 venisse
1281 1672 1448 1715 sentiret,
1489 1673 1539 1709 ad

138 1744 315 1774 senatum
343 1737 497 1774 rettulit.
554 1737 726 1782 Senatus,
751 1749 847 1785 quos
867 1736 916 1773 ad
939 1736 1089 1781 soleret,
1110 1735 1354 1773 referendum
1376 1738 1537 1774 censuit.

140 1802 378 1850 Haruspices
410 1801 616 1838 introducti
648 1801 930 1849 responderunt
965 1813 1045 1838 non
1084 1801 1197 1837 fuisse
1237 1801 1378 1837 iustum
1417 1802 1538 1837 comi—

137 1866 278 1903 tiorum
318 1873 549 1914 rogatorem.
629 1866 732 1902 Tum
777 1865 989 1910 Gracchus,
1030 1872 1072 1902 ut
1112 1877 1133 1902 e
1172 1872 1279 1913 patre
1318 1865 1536 1911 audiebam,

138 1930 318 1967 incensus
356 1930 433 1967 ira:
479 1932 487 1948 ‘
504 1931 642 1967 Itane
689 1930 847 1967 vero?
893 1942 982 1978 ego
1030 1941 1122 1966 non
1166 1930 1342 1975 iustus,
1373 1930 1454 1977 qui
1493 1937 1539 1966 et

138 1994 310 2031 consul
337 1994 504 2042 rogavi
534 2000 580 2030 et
609 1994 910 2042 auspicato?
948 2006 1005 2031 an
1043 2006 1126 2031 vos
1156 1994 1305 2030 Tusci
1345 2006 1398 2030 ac
1439 1994 1536 2031 bar-

137 2059 240 2096 bari
286 2058 619 2106 auspiciorum
665 2058 834 2106 populi
882 2059 1086 2095 Romani
1134 2058 1207 2095 ius
1256 2059 1439 2095 tenetis
1493 2065 1538 2095 et

138 2123 433 2170 interpretes
472 2134 577 2159 esse
616 2123 927 2159 comitiorum
965 2123 1229 2171 potestis?⁷
1289 2123 1424 2170 Itaque
1456 2129 1538 2159 tum

137 2186 220 2223 illos
240 2176 342 2223 exire
363 2186 480 2223 iussit.
538 2187 630 2223 Post
655 2193 784 2223 autem
812 2199 833 2223 e
860 2187 1058 2234 provincia
1083 2187 1224 2223 litteras
1253 2186 1303 2223 ad
1333 2186 1538 2234 collegium

137 2250 238 2287 misit
267 2262 320 2295 se,
349 2263 437 2287 cum
468 2250 612 2298 legeret
642 2250 769 2295 libros,
797 2250 1044 2287 recordatum
1074 2263 1157 2288 esse
1189 2251 1280 2287 vitio
1312 2251 1382 2287 sibi
1412 2250 1535 2287 taber-

137 2314 317 2350 naculum
337 2321 494 2362 captum
514 2314 628 2351 fuisse
650 2313 802 2363 [hortos
823 2314 1051 2365 Scipionis]‚
1068 2314 1188 2363 quod,
1210 2327 1298 2351 curn
1321 2315 1537 2363 pomerium

137 2384 273 2426 postea
292 2378 467 2414 intrasset
487 2377 656 2415 habendi
675 2385 830 2415 senatus
851 2391 978 2424 causa,
1001 2379 1038 2415 in
1068 2378 1282 2423 redeundo,
1313 2391 1402 2414 cum
1432 2378 1536 2415 idem

140 2441 358 2490 pomerium
377 2442 563 2489 transiret,
585 2442 775 2491 auspicari
794 2449 895 2479 esset
915 2442 1054 2480 oblitus
1069 2456 1079 2489 5
1110 2443 1238 2490 itaque
1268 2442 1358 2479 vitio
1387 2448 1537 2479 creatos

1561 1036 1593 1061 10

1563 1355 1589 1390 4

1557 1879 1588 1904 u
