1681 2752
58 862 90 879 10

57 1180 87 1204 ι5

55 1504 87 1521 20

53 1826 84 1850 25

51 2145 84 2169 30

52 2464 82 2488 35

496 170 580 200 Lm.
599 170 662 200 111.
709 170 788 200 cm.
809 170 925 200 11-1v.
973 171 1011 209 ἐξ
1031 178 1125 211 5—10.
1424 171 1502 212 139

108 271 286 320 primum,
307 270 413 319 quod
440 271 538 307 inter
558 271 684 307 omnis
708 271 777 307 nisi
799 270 1012 307 admodum
1035 271 1173 318 impios
1194 271 1386 315 convenit,
1408 271 1502 307 mihi

109 335 266 383 quidem
288 348 335 371 ex
355 335 485 371 animo
505 335 631 372 excuti
653 346 731 371 non
752 341 892 383 potest,
915 347 998 371 csse
1020 334 1127 379 deos,
1150 334 1188 371 id
1209 342 1338 371 tamen
1362 335 1500 382 ipsum,

108 399 214 446 quod
245 399 337 436 mihi
365 411 586 447 persuasum
617 406 673 435 est
702 399 926 435 auctoritate
948 399 1147 443 maiorum,
1171 411 1238 435 cur
1258 399 1308 434 ita
1328 399 1386 442 sit,
1409 398 1501 434 nihil

108 469 148 500 tu
180 475 241 500 me
274 463 404 500 doces.
463 462 567 510 Quid
597 469 666 507 est,
699 463 820 510 inquit
851 463 1002 507 Balbus,
1025 463 1054 499 si
1085 463 1152 499 tibi
1182 474 1405 510 persuasum
1431 469 1500 507 est,

108 539 175 564 cur
194 540 216 564 a
236 539 298 564 me
319 527 408 564 velis
430 526 607 563 discere?
647 527 748 563 Tum
765 527 879 563 Cotta
896 541 902 563 z
937 526 1038 573 Quia
1058 527 1110 563 sic
1132 526 1348 574 adgredior,
1366 527 1500 574 inquit,

107 590 157 627 ad
189 591 288 627 hanc
319 590 632 639 disputationem,
665 591 773 638 quasi
805 591 897 627 nihil
928 603 1112 638 umquam
1143 590 1329 627 audierim
1361 589 1410 627 de
1443 590 1501 627 dis

107 654 378 699 inmortalibus,
400 654 493 690 nihil
513 655 760 703 cogitaverim
779 668 786 699 3
817 655 952 691 rudem
974 666 1036 691 me
1058 662 1095 691 et
1121 655 1310 702 integrum
1331 654 1500 702 discipu-

105 718 183 755 lum
213 719 347 767 accipe
377 725 415 755 et
444 731 500 764 ea,
522 730 621 767 quae
651 719 814 767 requiro,
837 718 950 755 doce.
1009 719 1084 755 Dic
1106 719 1228 767 igitur,
1252 719 1383 766 inquit,
1406 718 1498 766 quid
1517 728 1533 754 8

105 784 285 831 requiras.
341 784 505 832 Egone?
533 784 698 831 primum
720 783 823 829 illud,
847 796 925 829 cur,
947 783 1054 831 quod
1076 783 1112 819 in
1135 784 1205 820 ista
1225 783 1429 831 partitione
1451 795 1499 819 ne

107 859 219 895 egere
249 847 407 895 quidem
434 848 606 884 oratione
635 847 807 892 dixisses,
830 847 936 895 quod
957 854 1056 884 esset
1077 847 1324 895 perspicuum
1346 854 1383 883 et
1404 847 1501 883 inter

106 912 231 948 omnis
253 919 456 956 constaret,
475 911 524 948 de
546 924 593 948 eo
615 912 698 959 ipso
719 919 796 948 tam
814 912 933 948 multa
952 911 1104 947 dixeris.
1150 911 1252 958 Quia
1271 918 1308 947 te
1330 923 1499 959 quoque,

106 975 239 1023 inquit,
273 975 536 1020 animadverti,
569 977 695 1020 Cotta,
729 987 857 1023 saepe,
891 988 979 1012 cum
1012 975 1049 1011 in
1079 975 1161 1012 foro
1192 975 1353 1020 diceres,
1384 987 1500 1023 quarn

105 1039 276 1087 plurimis
296 1051 429 1087 posses
450 1040 682 1087 argumentis
702 1052 860 1076 onerare
882 1039 1062 1084 iudicem,
1085 1040 1115 1076 si
1136 1039 1255 1076 modo
1277 1052 1362 1076 eam
1384 1040 1500 1076 facul-

106 1109 223 1139 tatem
253 1104 320 1140 tibi
349 1103 458 1140 daret
488 1116 614 1140 causa.
671 1105 798 1151 Atque
828 1103 903 1140 hoc
931 1103 1037 1140 idem
1057 1111 1095 1140 et
1115 1104 1337 1152 philosophi
1358 1104 1501 1140 faciunt

106 1174 143 1204 et
164 1179 248 1216 ego,
270 1174 311 1204 ut
331 1168 452 1216 potui,
473 1168 560 1205 feci.
616 1169 677 1204 Tu
697 1175 837 1213 autem,
859 1169 924 1216 qui
945 1167 984 1204 id
1011 1169 1173 1216 quaeris,
1195 1168 1366 1204 similiter
1394 1169 1498 1209 facis,

104 1230 150 1268 ac
182 1232 213 1268 si
243 1244 306 1269 rne
337 1244 460 1280 roges,
491 1245 559 1269 cur
589 1239 625 1269 te
657 1232 808 1269 duobus
841 1240 1026 1269 contuear
1055 1233 1174 1269 oculis
1207 1239 1244 1268 et
1273 1245 1352 1269 non
1381 1233 1499 1269 altero

105 1296 318 1341 coniveam,
340 1309 429 1333 curn
455 1296 559 1333 idem
580 1309 658 1333 uno
683 1296 842 1345 adsequi
862 1297 1020 1345 possim.
1076 1297 1178 1333 Tum
1198 1297 1338 1334 Cotta:
1371 1297 1498 1344 Quam

104 1361 225 1398 simile
253 1360 354 1398 istud
381 1361 439 1407 sit,
461 1361 596 1409 inquit,
617 1367 657 1398 tu
678 1361 829 1398 videris.
887 1362 989 1398 Nam
1010 1373 1083 1409 ego
1104 1373 1230 1409 neque
1251 1362 1290 1397 in
1311 1362 1446 1406 causis,
1468 1361 1499 1398 si

105 1424 198 1473 quid
229 1432 286 1462 est
317 1425 487 1470 evidens,
520 1425 570 1462 de
603 1438 681 1473 quo
712 1426 810 1462 inter
839 1426 964 1462 omnis
995 1426 1212 1470 conveniat,
1243 1426 1499 1473 argumentari

105 1489 236 1536 soleo;
269 1490 521 1538 perspicuitas
554 1491 658 1527 enim
689 1490 1019 1538 argumentatione
1052 1490 1245 1536 elevatur3
1278 1502 1365 1535 nec,
1397 1490 1427 1526 si
1458 1489 1499 1527 id

103 1553 270 1590 facerem
300 1554 340 1591 in
371 1554 494 1591 causis
525 1554 750 1599 forensibus,
783 1553 888 1590 idem
920 1554 1086 1590 facerem
1117 1554 1155 1590 in
1187 1553 1260 1590 hac
1292 1554 1497 1591 subtilitate

103 1618 300 1655 sermonis.
358 1618 437 1656 Cur
456 1619 654 1655 coniveres
678 1627 807 1655 autem
833 1618 952 1655 altero
981 1619 1108 1664 oculo,
1130 1631 1246 1654 causa
1274 1630 1353 1655 non
1383 1625 1496 1664 esset,

103 1694 193 1718 cum
222 1681 326 1719 idem
356 1683 510 1719 obtutus
537 1689 637 1719 esset
663 1683 877 1727 amborum,
900 1689 937 1719 et
958 1695 1047 1719 cum
1068 1695 1194 1719 rerum
1215 1689 1358 1728 natura,
1380 1695 1496 1730 quam

103 1752 143 1782 tu
163 1747 377 1794 sapientem
397 1759 480 1784 esse
499 1747 566 1792 vis,
588 1747 667 1784 duo
688 1747 832 1784 lumina
853 1747 900 1783 ab
920 1748 1050 1783 animo
1071 1746 1120 1783 ad
1147 1747 1281 1783 oculos
1307 1748 1497 1795 perforata

102 1822 173 1847 nos
204 1810 344 1848 habere
373 1811 566 1848 voluisset.
624 1811 701 1849 Sed
732 1811 822 1859 quia
854 1823 934 1848 non
967 1810 1192 1848 confidebas
1226 1818 1304 1847 tarn
1338 1823 1421 1848 esse
1456 1811 1496 1848 id

102 1875 359 1923 perspicuum,
381 1888 498 1924 quam
527 1882 567 1913 tu
587 1876 714 1921 velles,
745 1882 951 1924 propterea
979 1876 1105 1912 multis
1135 1875 1367 1923 argumentis
1399 1875 1494 1912 deos

102 1951 185 1976 esse
223 1939 366 1977 docere
403 1940 565 1977 voluisti.
634 1940 733 1977 Mihi
772 1941 874 1976 enim
913 1953 1034 1976 unum
1072 1946 1130 1976 sat
1168 1946 1259 1985 erat,
1294 1940 1346 1976 ita
1382 1940 1494 1976 nobis

101 2003 264 2041 maiores
292 2010 443 2041 nostros
471 2004 686 2042 tradidisse.
743 2004 819 2042 Sed
849 2011 888 2041 tu
912 2004 1158 2041 auctoritates
1187 2004 1415 2048 contemnis,
1436 2017 1492 2040 ra-

100 2068 205 2104 tione
236 2080 397 2116 pugnas.
456 2069 589 2105 Patere
621 2069 732 2116 igitur
760 2069 949 2105 rationem
980 2080 1108 2104 meam
1135 2080 1224 2104 cum
1253 2074 1319 2104 tua
1346 2068 1492 2104 ratione

101 2131 350 2169 contendere.
407 2132 543 2169 Adfers
564 2132 662 2169 haec
681 2133 813 2169 omnia
832 2139 1067 2180 argumenta,
1085 2144 1152 2168 cur
1171 2131 1211 2168 di
1231 2132 1317 2177 sint,
1333 2143 1491 2179 remque

102 2208 189 2232 mea
227 2196 416 2232 sententia
453 2197 611 2233 minime
651 2196 808 2233 dubiam
845 2195 1152 2244 argumentando
1191 2195 1349 2233 dubiam
1386 2196 1490 2232 facis.

102 2258 287 2296 Mandavi
313 2260 416 2296 enim
443 2260 650 2297 memoriae
676 2273 757 2297 non
776 2272 979 2297 numerum
999 2260 1134 2305 solum,
1157 2259 1226 2297 sed
1253 2260 1368 2296 etiam
1390 2259 1490 2296 ordi-

100 2335 191 2360 nem
225 2330 537 2372 argumentorum
568 2331 732 2362 tuorum.
791 2325 958 2361 Primum
992 2324 1071 2368 fuit,
1107 2336 1194 2360 cum
1230 2324 1379 2360 caelum
1411 2336 1490 2360 sus-

100 2387 349 2435 pexissemus,
383 2388 510 2424 statim
543 2400 614 2425 nos
647 2388 867 2436 intellegere
906 2399 989 2424 esse
1027 2386 1186 2436 aliquod
1220 2399 1376 2433 numen,
1413 2399 1490 2435 quo

101 2450 198 2487 haec
217 2458 406 2499 regantur.
464 2452 524 2488 Ex
543 2451 619 2488 hoc
638 2451 730 2489 illud
750 2452 889 2489 etiam:
