1714 2807
130 164 145 194 1
156 154 210 194 26
559 164 622 195 DE
652 164 842 196 NATURA
874 164 1085 196 DEORUM.

124 265 329 313 figurarum
351 295 358 302 .
381 294 390 302 .
413 294 421 302 .
444 295 465 311 .,
486 271 568 302 tum
583 272 824 303 venustatem
844 272 959 314 atque
979 265 1157 302 ordinem
1177 271 1227 310 et,
1244 271 1285 302 ut
1305 265 1356 302 ita
1376 265 1518 311 dicam,

125 329 344 366 decentiam
377 330 478 366 oculi
512 329 695 374 iudicant,
725 337 840 378 atque
875 330 991 366 etiam
1025 330 1098 366 alia
1132 330 1288 366 maiora.
1347 330 1449 366 Nam
1481 337 1519 367 et

124 394 279 430 virtutes
313 401 351 430 et
380 394 470 430 vitia
502 401 743 442 cognoscunt
760 407 770 440 ;
801 395 936 430 iratum
971 394 1190 442 propitium,
1213 394 1418 430 laetantem
1449 394 1518 430 do-

124 457 278 502 lentem,
318 458 454 494 fortem
502 458 694 506 ignavum,
732 457 922 494 audacem
960 457 1216 505 timidumque
1263 465 1517 506 cognoscunt.

66 531 114 556 140
126 522 360 570 Auriumque
390 522 480 558 item
511 529 567 558 est
595 521 818 558 admirabile
839 521 1038 569 quoddam
1067 522 1391 570 artificiosumque
1421 522 1516 558 iudi·
1545 539 1560 563 5

125 586 238 630 cium,
270 598 347 633 quo
379 585 568 622 iudicatur
601 592 638 622 et
672 586 709 622 in
742 586 848 622 vocis
887 593 924 622 et
958 586 995 622 in
1026 586 1204 623 tibiarum
1237 598 1518 634 nervorumque

125 650 299 686 cantibus
319 650 478 686 varietas
506 662 701 694 sonorum,
724 650 929 695 intervalla,
951 649 1146 686 distinctio
1176 657 1214 686 et
1243 651 1348 686 vocis
1377 662 1519 698 genera

124 714 325 761 permulta,
346 725 530 749 canorum
561 713 723 758 fuscum,
747 713 827 749 leve
858 725 1049 761 asperum,
1071 725 1184 761 grave
1215 721 1383 758 acutum,
1414 713 1516 750 flexi-

124 777 198 814 bile
219 777 370 823 durum,
391 788 490 825 quae
513 777 713 814 hominum
734 777 857 813 solum
878 777 1031 813 auribus
1052 776 1281 814 iudicantur.
1340 777 1516 814 Narium-

120 852 195 888 que
225 841 316 877 item
346 848 384 876 et
411 840 589 888 gustandi
621 840 758 888 pariter
788 847 826 875 et
857 839 1040 887 tangendi
1077 852 1216 888 magna
1249 841 1389 879 iudicia
1418 851 1516 881 sunt.
1536 863 1568 880 ιο

120 904 181 940 Α(1
210 917 307 952 quos
336 917 468 941 sensus
499 904 710 952 capiendos
741 911 778 940 et
807 904 1060 952 perfruendos
1094 906 1218 953 plures
1250 906 1377 951 etiam,
1402 911 1516 955 q'uam

119 970 269 1015 vellem,
291 977 388 1006 artes
409 977 580 1018 repertae
602 976 701 1006 sunt.
759 970 1009 1017 Perspicuum
1039 977 1095 1006 est
1125 971 1240 1015 enim,
1262 982 1340 1018 quo
1367 983 1514 1019 conpo—

121 1035 277 1071 sitiones
297 1042 593 1083 unguentorum,
615 1046 693 1083 quo
718 1034 892 1071 ciborum
923 1033 1179 1081 conditiones,
1201 1047 1278 1083 quo
1308 1047 1515 1084 corporum

122 1099 312 1135 lenocinia
331 1099 599 1146 processerint.

63 1155 112 1226 154‘7)
178 1163 261 1199 Iam
281 1174 371 1199 vero
392 1163 562 1199 animum
584 1163 709 1211 ipsum
730 1169 978 1210 mentemque
1001 1163 1178 1208 hominis,
1199 1164 1399 1209 rationem,
1421 1176 1514 1201 con·
1535 1183 1565 1208 ις

121 1227 258 1272 silium,
279 1226 525 1275 prudentiam
546 1227 610 1275 qui
631 1239 709 1263 non
731 1226 860 1263 divina
889 1239 981 1263 cura
1009 1228 1180 1275 perfecta
1209 1239 1291 1264 esse
1320 1229 1514 1276 perspicit,

121 1291 152 1328 is
173 1291 229 1328 his
250 1291 339 1339 ipsis
359 1291 471 1327 rebus
493 1291 585 1327 mihi
605 1290 754 1327 videtur
773 1302 914 1327 carere.
973 1292 1034 1328 De
1055 1303 1132 1339 quo
1152 1291 1246 1328 dum
1267 1292 1514 1340 disputarem,

120 1363 226 1392 tuam
246 1355 339 1392 mihi
359 1355 439 1392 dari
469 1355 618 1400 vellem,
641 1356 769 1400 Cotta,
801 1355 1075 1403 eloquentiam.
1133 1356 1223 1403 Quo
1253 1357 1356 1393 enim
1385 1363 1424 1393 tu
1455 1358 1516 1394 illa

121 1420 242 1457 modo
262 1419 412 1456 diceres
431 1421 437 1456 1
467 1426 610 1467 quanta
630 1420 796 1467 primum
818 1420 1087 1468 intellegentia,
1109 1419 1252 1457 deinde
1273 1433 1514 1469 consequen-

121 1485 216 1521 tium
254 1496 379 1521 rerum
409 1496 499 1520 cum
533 1484 664 1531 primis
698 1484 922 1520 coniunctio
957 1491 994 1520 et
1029 1485 1313 1533 conprehensio
1347 1493 1447 1522 esset
1477 1486 1514 1523 in
1534 1503 1566 1520 20

120 1549 253 1594 nobis,
283 1560 330 1585 ex
349 1560 428 1596 quo
448 1547 639 1592 videlicet,
661 1547 754 1595 quid
776 1560 823 1584 ex
843 1548 1059 1596 quibusque
1089 1549 1202 1585 rebus
1231 1549 1427 1595 efficiatur,
1458 1550 1513 1587 id-

121 1625 196 1661 que
216 1613 362 1649 ratione
383 1612 652 1649 concludimus
671 1612 915 1660 singulasque
935 1624 994 1649 res
1015 1612 1221 1650 definimus
1249 1614 1513 1663 circumscrip-

121 1685 237 1726 teque
276 1677 592 1725 complectimur;
632 1688 680 1712 ex
710 1688 788 1724 quo
827 1677 987 1713 scientia
1024 1677 1253 1726 intellegitur
1290 1691 1406 1726 quam
1439 1680 1515 1716 vim

122 1743 262 1779 habeat
281 1741 474 1789 qualisque
493 1741 551 1786 sit,
573 1752 649 1788 qua
668 1752 716 1777 ne
738 1741 775 1777 in
797 1740 872 1778 deo
893 1741 1050 1789 quidem
1072 1748 1128 1778 est
1148 1754 1206 1779 res
1227 1743 1301 1779 ulla
1320 1750 1514 1791 praestan-

120 1808 204 1844 tior.
262 1806 418 1853 Quanta
440 1817 530 1842 vero
560 1805 622 1841 illa
649 1811 749 1850 sunt,
770 1817 869 1853 quae
899 1818 967 1842 vos
996 1806 1223 1843 Academici
1252 1807 1448 1844 infirmatis
1477 1815 1515 1844 et
1533 1825 1565 1850 25

120 1871 260 1915 tollitis,
282 1869 388 1918 quod
409 1876 446 1906 et
466 1869 641 1906 sensibus
665 1876 703 1906 et
727 1870 857 1906 animo
886 1882 942 1915 ea,
964 1882 1063 1918 quae
1093 1877 1199 1907 extra
1227 1878 1328 1916 sunt,
1351 1872 1514 1920 percipi-

64 1948 111 1975 145
122 1947 205 1971 mus
234 1942 348 1982 atque
378 1932 705 1981 conprendimus!
741 1946 788 1970 ex
814 1935 951 1982 quibus
975 1935 1134 1971 conlatis
1164 1935 1260 1971 inter
1288 1947 1328 1972 se
1355 1944 1393 1972 et
1423 1948 1514 1973 con-

121 2000 259 2048 paratis
293 2005 391 2035 artes
424 2009 579 2046 quoque
614 1997 803 2035 efficimus
839 1999 976 2046 partim
1010 1998 1060 2035 ad
1093 2011 1203 2036 usum
1234 2000 1344 2045 vitae,
1378 2001 1515 2048 partim

122 2064 171 2100 ad
192 2063 492 2100 oblectationem
512 2062 760 2099 necessarias.
819 2063 902 2099 Iam
924 2075 1013 2099 vero
1034 2062 1193 2100 domina
1220 2076 1357 2109 rerum,
1379 2072 1418 2101 ut
1446 2077 1515 2102 vos

122 2129 250 2165 soletis
289 2127 431 2172 dicere,
471 2126 679 2174 eloquendi
717 2127 785 2171 vis,
824 2139 939 2175 quam
978 2134 1035 2164 est
1082 2128 1276 2175 praeclara
1321 2140 1514 2177 quamque
1534 2144 1566 2168 30

121 2192 275 2229 divina!
306 2202 403 2239 quae
424 2191 590 2239 primum
621 2190 749 2235 efficit,
771 2198 811 2227 ut
841 2198 878 2227 et
908 2203 965 2236 ea,
987 2203 1085 2239 quae
1116 2192 1344 2240 ignoramus,
1366 2192 1514 2230 discere

121 2264 159 2293 et
179 2268 236 2300 ea,
258 2267 356 2304 quae
385 2255 539 2299 scimus,
560 2254 654 2291 alios
683 2253 825 2291 docere
855 2255 1072 2303 possimus,
1102 2255 1245 2292 deinde
1276 2256 1348 2293 hac
1377 2257 1514 2293 cohor-

121 2328 256 2364 tamur,
279 2320 351 2356 hac
373 2318 662 2367 persuademus,
684 2317 755 2354 hac
783 2319 1027 2355 consolamur
1055 2319 1230 2365 afflictos,
1252 2320 1324 2356 hac
1355 2319 1513 2357 deduci-

122 2397 205 2421 mus
244 2384 462 2432 perterritos
499 2395 523 2419 a
559 2383 708 2427 timore,
748 2382 820 2418 hac
857 2383 1066 2431 gestientes
1113 2384 1403 2432 conprimimus,
1443 2385 1515 2421 hac

122 2448 352 2497 cupiditates
382 2446 674 2494 iracundiasque
704 2447 984 2495 restinguimus,
1016 2447 1112 2484 haec
1142 2460 1213 2485 nos
1243 2449 1343 2494 iuris,
1373 2449 1512 2497 legum,
1534 2467 1564 2491 35
