1714 2807
182 160 239 198 44
619 157 682 187 DE
712 156 903 188 NATURA
935 155 1145 187 DEORUM.

183 270 340 304 nomen,
361 264 444 295 tum
463 258 639 295 ultimum
661 264 698 294 et
719 257 943 294 altissimum
973 264 1088 305 atque
1109 256 1282 305 undique
1302 257 1576 294 circumfusum

183 330 221 360 et
241 329 455 359 extremum
477 322 608 359 onmia
627 321 847 370 cingentem
876 327 991 369 atque
1036 321 1269 370 conplexum
1299 320 1490 366 ardorem,
1511 321 1576 369 qui

182 387 314 424 aether
344 387 574 431 nominetur,
606 385 860 422 certissimum
892 385 1009 422 deum
1044 385 1215 432 iudicat;
1253 384 1437 432 idemque
1469 385 1577 432 quasi

184 450 347 488 delirans
368 451 406 487 in
428 451 470 487 iis
497 450 610 495 libris,
631 462 728 498 quos
758 450 906 497 scripsit
937 456 1071 486 contra
1090 450 1338 498 voluptatem,
1361 456 1440 485 tum
1471 449 1578 497 fingit

183 516 345 552 sormam
366 514 563 563 quandam
593 521 630 550 et
660 514 829 562 speciem
851 513 1026 557 deorum,
1048 520 1128 550 tum
1150 513 1389 550 divinitatem
1419 525 1576 550 omnem
1605 522 1619 546 s

183 580 312 617 tribuit
332 580 450 624 astris,
471 586 553 615 tum
583 578 677 614 nihil
705 578 852 614 ratione
883 584 1016 614 censet
1045 589 1128 614 esse
1151 577 1327 614 divinius.
1386 578 1445 614 Ita
1464 577 1516 622 fit,
1537 585 1579 614 ut

184 644 279 680 deus
309 644 381 689 ille,
403 655 520 691 quem
550 649 678 679 mente
708 642 904 679 noscimus
935 649 1048 689 atque
1079 642 1117 678 in
1145 642 1261 678 animi
1293 641 1450 678 notione
1482 647 1576 678 tam-

184 720 299 756 quam
321 708 358 744 in
378 707 538 755 vestigio
559 707 734 743 volumus
763 717 962 753 reponere,
984 717 1175 753 nusquam
1203 717 1356 754 prorsus
1385 712 1578 754 appareat.

128 763 235 832 {giht
271 773 465 817 Persaeus,
495 771 670 808 eiusdem
701 770 867 806 Zenonis
903 769 1064 815 auditor,
1096 781 1163 806 eos
1192 770 1287 806 dicit
1315 781 1398 806 esse
1430 769 1579 806 habitos

185 836 293 881 deos,
329 848 349 872 a
380 836 517 884 quibus
552 846 691 883 magna
720 834 860 871 utilitas
892 833 941 870 ad
970 833 1069 870 vitae
1101 833 1247 870 cultum
1281 840 1381 870 esset
1413 833 1577 878 inventa,
1599 845 1630 862 10

185 901 362 948 ipsasque
392 911 450 936 res
481 899 590 936 utiles
620 905 658 935 et
686 899 866 935 salutares
896 897 1058 934 deorum
1093 909 1176 934 esse
1205 898 1401 935 vocabulis
1433 909 1578 934 nuncu—

184 972 305 1013 patas,
327 971 367 1001 ut
396 976 445 1000 ne
476 964 551 1000 hoc
572 963 730 1011 quidem
752 962 910 1008 diceret,
932 962 995 999 illa
1023 962 1178 999 inventa
1207 974 1289 999 esse
1310 961 1487 1006 deorum,
1509 962 1580 999 sed

184 1030 268 1077 ipsa
288 1028 427 1065 divina.
485 1028 574 1075 Quo
595 1027 687 1075 quid
709 1027 920 1073 absurdius,
942 1039 1058 1075 quam
1080 1034 1145 1064 aut
1172 1039 1232 1064 res
1261 1026 1435 1064 sordidas
1464 1034 1579 1076 atque

185 1093 368 1130 deformis
385 1092 546 1129 deorum
569 1092 713 1129 honore
730 1091 897 1128 adficere
915 1098 979 1128 aut
999 1091 1176 1128 homines
1197 1092 1272 1128 iam
1292 1099 1414 1128 morte
1431 1091 1580 1128 deletos
1609 1085 1613 1087 “

184 1169 372 1206 reponere
394 1157 432 1193 in
453 1156 560 1202 deos,
582 1168 746 1204 quorum
766 1157 891 1193 omnis
921 1156 1046 1192 cultus
1077 1162 1177 1192 esset
1206 1156 1352 1193 futurus
1382 1156 1419 1193 in
1447 1156 1581 1193 luctu?
1601 1151 1630 1192 is

134 1225 168 1250 39
188 1223 270 1259 Iam
307 1233 398 1258 vcro
437 1221 685 1269 Chrysippus,
720 1220 785 1268 qui
824 1221 1039 1257 Stoicorum
1079 1221 1315 1257 somniorum
1348 1221 1580 1257 vaferrumus

186 1286 347 1323 habetur
380 1286 577 1333 interpres,
608 1296 787 1333 magnam
818 1285 967 1321 turbam
1004 1291 1213 1333 congregat
1242 1285 1459 1333 ignotorum
1486 1284 1578 1322 deo—

185 1363 282 1395 rum,
299 1357 413 1398 atque
435 1350 486 1386 ita
506 1350 735 1397 ignotorum,
750 1355 790 1385 ut
811 1361 877 1385 eos
898 1360 946 1385 ne
964 1349 1187 1386 coniectura
1202 1348 1362 1397 quidem
1378 1349 1580 1385 informare

186 1415 389 1463 possimus,
411 1426 500 1450 cum
530 1425 640 1450 mens
670 1420 798 1449 nostra
817 1412 967 1461 quidvis
996 1413 1171 1450 videatur
1198 1413 1431 1461 cogitatione
1465 1424 1579 1461 posse

186 1479 396 1527 depingere
413 1492 422 1525 3
452 1478 502 1514 ait
523 1478 625 1514 enim
646 1477 723 1514 vim
743 1476 911 1513 divinam
933 1477 971 1513 in
992 1478 1138 1514 ratione
1168 1489 1252 1514 esse
1281 1477 1444 1525 positam
1475 1483 1512 1513 et
1542 1477 1580 1513 in
1599 1491 1632 1508 20

186 1544 383 1580 universae
405 1550 561 1579 naturae
582 1541 713 1578 animo
733 1547 847 1588 atque
869 1548 1011 1587 mente,
1029 1541 1234 1589 ipsumque
1254 1540 1443 1578 mundum
1463 1540 1581 1578 deum

186 1607 279 1644 dicit
308 1619 391 1644 esse
422 1613 459 1643 et
493 1606 573 1643 eius
607 1606 724 1642 animi
756 1606 947 1642 fusionem
982 1606 1209 1651 universam,
1233 1612 1315 1642 tum
1350 1605 1430 1642 eius
1463 1605 1581 1654 ipsius

186 1671 454 1720 principatum,
476 1670 540 1718 qui
570 1670 608 1706 in
636 1676 767 1706 mente
802 1676 839 1706 et
872 1669 1019 1706 ratione
1048 1675 1229 1715 versetur,
1251 1680 1580 1717 communemque

185 1747 310 1772 rerum
342 1741 518 1771 naturam
551 1733 915 1781 universitatemque
951 1734 1082 1770 omnia
1113 1734 1391 1779 continentem,
1411 1739 1492 1770 tum
1527 1733 1578 1770 sa-

186 1799 300 1836 talem
320 1799 396 1835 vim
417 1805 456 1835 et
475 1798 746 1834 necessitatem
766 1810 892 1834 rerum
915 1798 1135 1843 futurarum,
1157 1798 1285 1846 ignem
1316 1803 1514 1846 praeterea
1542 1803 1580 1834 et
1599 1814 1630 1838 25

187 1876 288 1909 eum,
323 1875 438 1911 quem
474 1869 560 1898 ante
594 1861 684 1907 dixi,
719 1861 886 1907 aethera,
921 1868 1002 1898 tum
1037 1874 1094 1907 ea,
1125 1874 1223 1909 quae
1255 1868 1391 1898 natura
1421 1861 1581 1898 fluerent

187 1935 300 1976 atque
321 1933 531 1971 manarent,
552 1933 593 1963 ut
622 1933 659 1962 et
688 1938 828 1974 aquam
857 1932 895 1963 et
924 1932 1062 1963 terram
1093 1933 1130 1962 et
1163 1926 1262 1972 aera,
1283 1926 1415 1972 solem,
1436 1925 1580 1972 lunam,

186 1993 311 2029 sidera
329 1991 692 2038 universitatemque
722 2002 860 2035 rerum,
882 2002 960 2038 qua
987 1990 1119 2027 omnia
1147 1991 1434 2027 continerentur
1465 1997 1580 2037 atque

134 2068 168 2094 40
186 2057 302 2093 etiam
322 2055 498 2092 homines
515 2066 594 2100 eos,
611 2055 675 2102 qui
711 2054 1021 2091 inmortalitatem
1038 2060 1165 2091 essent
1181 2055 1391 2092 consecuti.
1450 2053 1579 2092 Idem-

185 2132 261 2168 que
291 2120 460 2168 disputat
488 2119 643 2155 aethera
677 2131 760 2156 esse
795 2130 896 2164 eum,
918 2131 1036 2166 quem
1070 2118 1246 2155 homines
1282 2119 1416 2156 Iovem
1449 2118 1578 2167 appel·
1599 2137 1631 2161 30

186 2185 318 2229 larent,
353 2184 495 2232 quique
527 2183 591 2220 aet
623 2195 693 2231 per
723 2183 842 2219 maria
880 2189 1063 2229 manaret,
1099 2195 1188 2219 eum
1222 2195 1306 2220 esse
1339 2183 1578 2231 Neptunum,

186 2255 402 2296 terramque
423 2260 509 2284 eam
530 2259 626 2292 esse,
644 2259 742 2295 quae
764 2248 882 2284 Ceres
898 2247 1100 2293 diceretur,
1118 2247 1307 2295 similique
1327 2247 1474 2284 ratione
1494 2258 1578 2295 per·

187 2313 356 2361 sequitur
388 2311 577 2349 vocabula
609 2311 842 2359 reliquorum
876 2310 1050 2348 deorum.
1109 2311 1299 2359 Idemque
1334 2311 1450 2348 etiam
1487 2310 1579 2359 legis

186 2384 397 2426 perpetuae
432 2383 470 2412 et
503 2382 679 2412 aeternae
709 2375 797 2420 vim,
825 2387 923 2422 quae
953 2375 1062 2422 quasi
1091 2374 1170 2412 dux
1197 2376 1296 2412 vitae
1331 2382 1369 2412 et
1402 2375 1581 2424 magistra

186 2441 400 2479 officiorum
421 2440 480 2486 sit,
503 2440 638 2476 Iovem
653 2438 746 2476 dicit
767 2450 850 2476 esse
872 2438 1115 2487 eandemque
1135 2439 1288 2476 fatalem
1308 2439 1578 2476 necessitatem
1598 2455 1630 2479 35
