1681 2752
440 182 526 214 LIB.
551 184 597 215 11.
642 187 719 216 CAP.
740 187 951 222 XLVIII-L.
999 195 1037 234 ἕξ
1060 203 1216 238 122—127.
1447 206 1458 233 1
1478 207 1525 247 [9

129 283 348 324 potuerunt.
385 282 549 321 Tantam
566 285 739 334 ingenuit
759 291 1016 332 animantibus
1036 301 1290 337 conservandi
1313 304 1369 339 sui
1392 311 1523 343 natura

128 342 359 382 custodiam.
418 347 510 396 Legi
544 350 660 387 etiam
694 353 876 401 scriptum
912 368 996 395 esse
1029 372 1140 398 avem
1178 365 1385 412 quandam,
1420 370 1579 417 quae-19

126 405 288 453 platalea
309 410 593 455 nominaretur;
625 426 710 452 eam
732 417 803 454 sibi
824 419 954 457 cibum
982 433 1166 470 quaerere
1196 427 1441 469 advolantem
1470 434 1520 470 ad

126 480 190 506 eas
220 471 311 517 avis,
343 484 442 521 quae
475 487 516 512 se
549 477 586 514 in
617 480 711 516 mari
743 492 984 531 mergerent;
1024 499 1124 535 quae
1156 502 1245 528 cum
1277 497 1520 536 emersissent

83 543 96 567 ⁵
124 533 350 583 piscemque
371 539 576 586 cepissent,
598 555 719 590 usque
740 557 788 582 eo
808 558 983 594 premere
1004 562 1135 590 earum
1156 557 1283 604 capita
1308 561 1516 609 mordicus,

123 596 216 634 dum
245 599 328 637 illae
359 609 515 650 captum
536 607 765 654 amitterent,
788 610 826 647 in
847 613 953 659 quod
976 615 1058 663 ipsa
1079 617 1287 659 invaderet.
1347 625 1515 664 Eadem-

121 672 196 708 que
217 662 312 700 haec
333 666 410 702 avis
432 668 607 706 scribitur
627 673 787 710 conchis
808 687 848 712 se
869 677 993 715 solere
1023 683 1232 730 complere,
1254 698 1397 736 easque
1427 703 1516 729 cum

120 727 308 764 stomachi
339 730 465 768 calore
497 737 733 782 concoxerit,
767 750 946 778 evomere
981 751 1097 792 atque
1131 747 1182 784 ita
1213 750 1352 799 eligere
1382 765 1429 790 ex
1458 756 1513 801 iis,

119 801 217 837 quae
238 799 326 829 sunt
354 795 561 834 esculenta.
620 800 755 838 Ranae
784 811 912 842 autem
943 809 1110 847 marinae
1143 812 1323 852 dicuntur
1351 818 1512 857 obruere
1524 830 1572 855 125

70 868 100 884 10
119 865 202 891 sese
234 855 376 894 harena
404 860 526 898 solere
558 869 596 899 et
626 867 771 903 moveri
802 880 924 917 prope
954 883 1105 920 aquarn,
1127 876 1176 913 ad
1206 890 1299 926 quas
1330 884 1437 929 quasi
1461 885 1512 922 ad

117 929 246 956 escam
276 921 401 968 pisces
430 936 518 962 cum
545 931 791 976 accesserint,
823 934 964 972 confici
993 949 1016 973 a
1044 940 1144 977 ranis
1176 949 1291 990 atque
1322 949 1509 987 consumi.

118 982 239 1020 Miluo
271 992 327 1021 est
357 988 557 1034 quoddam
591 992 733 1030 bellum
767 998 875 1044 quasi
907 1002 1076 1039 naturale
1111 1016 1200 1042 cum
1235 1019 1377 1053 corvo;
1418 1024 1510 1061 ergo

115 1046 209 1083 alter
236 1048 386 1087 alterius
416 1052 648 1103 ubicumque
669 1068 832 1097 nanctus
853 1070 910 1099 est
930 1076 1003 1101 ova
1022 1066 1170 1116 frangit.
1229 1072 1329 1110 Illud
1350 1087 1440 1113 vero
1459 1078 1509 1115 ab

114 1110 314 1149 Aristotele
343 1115 663 1166 animadversum,
685 1134 708 1158 a
735 1135 813 1171 quo
843 1127 1036 1177 pleraque,
1059 1133 1142 1179 quis
1172 1142 1299 1182 potest
1329 1150 1408 1176 non
1438 1142 1507 1178 mi-

64 1187 94 1211 15
112 1175 211 1212 rari?
245 1188 357 1225 grues
395 1191 485 1218 cum
523 1182 610 1220 loca
647 1187 829 1226 calidiora
866 1199 1043 1239 petentes
1081 1198 1200 1235 maria
1237 1204 1505 1253 transmittant,

111 1239 286 1288 trianguli
306 1242 459 1282 efficere
480 1246 642 1286 formam
657 1263 667 1296 3
699 1252 779 1289 eius
799 1262 928 1293 autem
950 1269 1100 1297 summo
1121 1264 1262 1311 angulo
1291 1267 1356 1303 aer
1383 1269 1432 1306 ab
1461 1271 1505 1308 iis

109 1303 289 1342 adversus
320 1308 482 1355 pellitur,
515 1311 658 1351 deinde
697 1318 839 1355 sensim
871 1321 920 1358 ab
951 1329 1112 1372 utroque
1146 1326 1274 1375 latere,
1307 1337 1504 1382 tamquam

108 1369 233 1415 remis,
262 1370 313 1407 ita
341 1372 468 1420 pinnis
498 1387 628 1415 cursus
657 1381 783 1418 avium
812 1383 967 1423 levatur.
1025 1389 1131 1426 Basis
1159 1399 1288 1431 autem
1315 1397 1501 1446 trianguli,

107 1444 223 1480 quern
257 1435 426 1474 efficiunt
458 1451 583 1488 grues,
618 1455 664 1480 ea
696 1452 893 1496 tamquam
926 1463 949 1487 a
981 1455 1104 1502 puppi
1132 1458 1255 1495 ventis
1289 1460 1500 1510 adiuvatur,

57 1511 88 1528 20
107 1508 253 1546 eaeque
282 1500 321 1537 in
350 1508 457 1551 tergo
487 1508 792 1553 praevolantium
822 1514 921 1550 colla
941 1522 979 1552 et
1000 1518 1128 1565 capita
1146 1532 1364 1571 reponunt,
1394 1528 1501 1575 quod

105 1562 194 1609 quia
224 1563 305 1611 ipse
336 1565 416 1603 dux
446 1568 572 1607 facere
603 1584 683 1610 non
712 1582 852 1622 potest,
875 1579 965 1626 quia
993 1592 1073 1618 non
1102 1582 1231 1631 habet,
1253 1588 1318 1624 ubi
1346 1590 1497 1638 nitatur,

103 1626 258 1673 revolat,
279 1635 319 1665 ut
339 1630 421 1678 ipse
442 1644 598 1682 quoque
620 1638 821 1686 quiescat,
852 1642 890 1678 in
911 1643 990 1681 eius
1012 1645 1142 1684 locum
1166 1652 1341 1689 succedit
1365 1666 1412 1691 ex
1440 1656 1496 1702 iis,

102 1702 200 1738 quae
229 1692 470 1743 adquierunt‚
495 1710 618 1747 eaque
638 1702 862 1742 vicissitudo
891 1707 929 1743 in
961 1711 1067 1747 omni
1097 1723 1209 1750 cursu
1238 1726 1494 1758 conservatur.

102 1754 226 1792 Multa
259 1758 338 1795 eius
377 1761 484 1798 modi
517 1765 685 1811 proferre
719 1779 889 1816 possum,
924 1772 994 1809 sed
1027 1786 1148 1822 genus
1185 1778 1311 1826 ipsum
1345 1783 1554 1822 videtisne,-

50 1834 81 1858 25
102 1818 184 1856 Iam
203 1832 294 1859 vero
314 1823 375 1860 illa
395 1826 510 1864 etiam
531 1830 693 1876 notiora,
715 1841 860 1880 quanto
880 1847 920 1872 se
941 1849 1059 1885 opere
1085 1843 1306 1882 custod1ant
1334 1846 1491 1895 bestiae,

98 1889 139 1919 ut
166 1883 205 1921 in
234 1893 344 1934 pastu
373 1890 710 1942 circumspectent,
731 1904 771 1934 ut
800 1898 838 1935 in
868 1901 1055 1940 cubilibus
1076 1904 1305 1946 delitiscant.
1361 1913 1488 1961 Atque
1500 1915 1550 1951 50

97 1945 158 1983 illa
177 1949 372 1997 mirabilia,
394 1955 500 2001 quod
527 1956 595 2004 (ea
622 1971 721 2007 quae
750 1974 886 2011 nuper,
909 1964 948 2001 id
977 1974 1035 2003 est
1064 1970 1197 2016 paucis
1225 1980 1314 2010 ante
1343 1977 1490 2023 saeclis,

97 2011 337 2052 medicorum
367 2017 528 2065 ingeniis
559 2030 711 2070 reperta
740 2027 848 2074 sunt)
882 2031 1094 2069 vomitione
1125 2046 1254 2082 canes,
1283 2048 1490 2088 purgantes

94 2082 223 2113 autem
251 2078 354 2117 alvos
384 2081 465 2119 ibes
494 2085 706 2134 Aegyptiae
736 2099 926 2130 curantur.
983 2096 1168 2135 Auditum
1189 2107 1247 2137 est
1269 2104 1486 2151 pantheras,

43 2157 76 2180 30
93 2149 192 2186 quae
221 2141 259 2178 in
287 2142 461 2182 barbaria
488 2158 678 2188 venenata
707 2165 821 2191 carne
851 2166 1090 2206 caperentur,
1115 2164 1331 2203 remedium
1361 2169 1485 2216 quod-

92 2201 182 2240 dam
217 2204 368 2253 habere,
403 2221 480 2258 quo
515 2224 604 2251 cum
638 2224 767 2254 essent
799 2231 902 2266 usae,
934 2234 1014 2259 non
1047 2236 1310 2276 morerentur,
1351 2244 1485 2280 capras

90 2273 219 2304 autem
250 2269 289 2306 in
321 2271 436 2310 Creta
467 2275 575 2322 feras,
608 2291 697 2316 curn
731 2290 860 2320 essent
890 2287 1066 2324 confixae
1095 2294 1293 2330 venenatis
1325 2297 1483 2344 sagittis,

89 2328 247 2368 herbam
276 2345 472 2383 quaerere,
493 2351 592 2387 quae
622 2342 840 2383 dictamnus
860 2358 1073 2398 vocaretur,
1095 2365 1211 2401 quam
1241 2369 1330 2394 cum
1354 2368 1481 2408 gusta-

86 2393 241 2441 vissent,
271 2399 426 2447 sagittas
455 2404 635 2442 excidere
665 2407 798 2446 dicunt
827 2423 849 2448 e
879 2424 1054 2462 corpore.
1112 2418 1335 2469 Cervaeque
1361 2411 1479 2471 paulo
1492 2438 1541 2464 127

37 2468 68 2493 3⁵
85 2464 174 2495 ante
193 2467 344 2508 parturn
364 2476 598 2516 perpurgant
617 2482 658 2507 se
678 2473 846 2520 quadarn
866 2475 1035 2525 herbula,
1057 2492 1156 2528 quae
1177 2485 1307 2522 seselis
1328 2487 1476 2526 dicitur.
