1714 2807
122 140 176 179 34
559 137 623 167 DE
653 137 843 167 NATURA
876 137 1085 168 DEORUM.

75 247 98 281 3
120 241 278 277 alterum
318 246 421 276 certe
461 251 539 276 non
578 245 718 287 potest,
750 244 792 275 ut
828 238 913 287 plus
951 250 1029 274 una
1065 250 1153 275 vera
1191 238 1252 293 sit:
1280 284 1284 287 ¹
1308 239 1397 287 Qua
1434 240 1515 288 qui-

120 304 210 340 dem
249 304 287 340 in
326 315 442 339 eausa
479 310 516 339 et
554 303 752 339 benivolos
791 303 1054 351 obiurgatores
1093 303 1244 351 placare
1283 309 1321 340 et
1368 303 1517 341 invidos

119 369 395 416 vituperatores
444 367 639 403 confutare
689 378 905 413 possumus,
945 373 986 402 ut
1036 367 1174 404 alteros
1222 368 1517 416 reprehendisse

121 432 324 480 paeniteat,
363 431 469 467 alteri
508 430 688 466 didicisse
732 442 772 466 se
812 430 1030 477 gaudeant;
1072 443 1161 467 nam
1201 432 1265 479 qui
1303 431 1517 469 admonent

88 512 94 534 ;
121 497 256 541 amice,
278 495 446 532 docendi
468 502 567 540 sunt,
590 494 654 542 qui
683 494 837 530 inimice
862 495 1111 540 insectantur,
1133 495 1358 543 repellendi,
1416 497 1515 533 Mul-

120 568 201 596 tum
222 567 350 596 autem
372 560 520 596 fluxisse
542 557 656 595 video
683 557 733 594 de
763 558 864 594 libris
895 559 1044 604 nostris,
1067 571 1165 606 quos
1185 560 1394 607 compluris
1413 559 1517 597 brevi

121 632 295 673 tempore
325 623 529 668 edidimus,
560 623 783 670 variumque
813 635 1033 659 sermonem
1067 623 1204 671 partim
1234 623 1517 669 admirantium,

121 688 226 726 unde
246 688 321 725 hoc
341 686 642 736 philosophandi
668 687 780 723 nobis
804 687 932 723 subito
957 687 1128 723 studium
1149 688 1346 733 extitisset,
1368 689 1517 736 partim,

121 752 215 801 quid
235 764 388 801 quaque
415 751 464 789 de
494 764 533 788 re
563 752 656 788 certi
686 751 927 796 haberemus,
949 751 1045 787 scire
1077 751 1328 799 cupientium.
1359 743 1519 802 {Multis

121 818 236 854 etiam
257 817 356 853 sensi
377 816 547 853 mirabile
568 815 687 852 videri
709 828 794 852 eam
816 815 928 852 nobis
947 815 1192 863 potissimum
1213 815 1414 863 probatam
1435 828 1518 853 esse

121 881 417 930 philosophiam,
448 892 547 928 quae
576 881 704 917 lucem
735 880 899 928 eriperet
931 885 968 915 et
1000 879 1108 927 quasi
1135 886 1292 916 noctem
1322 879 1518 928 quandam

121 946 234 983 rebus
255 944 482 990 offunderet,
503 945 756 992 desertaeque
779 943 1006 991 disciplinae
1031 950 1070 979 et
1097 944 1171 980 iam
1193 942 1343 991 pridem
1364 944 1518 981 relictae

122 1010 379 1058 patrocinium
399 1009 674 1057 necopinatum
695 1021 717 1045 a
740 1009 852 1046 nobis
879 1019 962 1045 esse
990 1015 1227 1055 susceptum.
1286 1008 1369 1044 Nos
1390 1015 1518 1045 autem

121 1086 197 1111 nec
235 1074 362 1111 subito
401 1070 602 1121 c‘oepimus
641 1073 902 1122 philosophari
941 1084 1014 1109 nec
1054 1071 1294 1108 mediocrem
1333 1084 1355 1108 a
1393 1073 1518 1120 primo

121 1145 297 1186 tempore
321 1138 454 1174 aetatis
481 1138 519 1174 in
549 1149 596 1174 eo
626 1137 754 1174 studio
783 1149 942 1185 operam
971 1148 1181 1184 curamque
1207 1137 1518 1184 consumpsimus

122 1210 173 1249 et,
212 1215 302 1239 cum
339 1202 496 1239 minime
535 1201 771 1247 videbamur,
811 1208 891 1238 tum
931 1201 1098 1238 maxime
1138 1199 1518 1249 philosophabantur,

123 1267 230 1316 quod
260 1274 297 1304 et
329 1266 520 1303 orationes
551 1265 747 1302 declarant
776 1266 936 1302 refertae
971 1265 1291 1314 philosophorum
1321 1266 1518 1303 sententiis

122 1339 161 1369 et
191 1331 504 1368 doctissimorum
538 1330 740 1366 hominum
774 1330 1057 1376 familiaritates,
1089 1330 1228 1378 quibus
1264 1342 1417 1378 semper
1447 1330 1516 1367 do-

122 1408 207 1433 mus
226 1403 356 1432 nostra
385 1394 519 1439 floruit,
541 1400 579 1430 et
607 1394 801 1442 principes
831 1394 893 1440 illi,
917 1394 1125 1440 Diodotus,
1150 1394 1270 1440 Philo,
1292 1394 1516 1440 Antiochus,

79 1469 94 1495 τ
123 1460 365 1505 Posidonius,
387 1471 408 1495 a
429 1459 567 1506 quibus
588 1459 746 1495 instituti
775 1471 918 1496 sumus.
977 1460 1026 1496 Et
1047 1459 1078 1495 si
1097 1459 1229 1495 onmia
1249 1459 1516 1507 philosophiae

121 1531 329 1573 praecepta
365 1523 578 1560 reseruntur
607 1522 657 1559 ad
688 1523 817 1568 vitam,
849 1523 1074 1560 arbitramur
1107 1535 1178 1560 nos
1212 1530 1249 1560 et
1284 1523 1446 1571 publicis
1480 1530 1518 1560 et

121 1589 274 1637 privatis
306 1589 345 1625 in
375 1588 489 1624 rebus
520 1599 566 1624 ea
598 1587 842 1636 praestitisse,
871 1599 971 1636 quae
1004 1588 1099 1624 ratio
1133 1593 1172 1624 et
1203 1587 1379 1624 doctrina
1408 1599 1517 1636 prae—

76 1664 100 1698 4
121 1653 324 1702 scripserit.
345 1650 352 1681 ἶ
381 1652 445 1690 Sin
476 1659 604 1688 autem
635 1651 720 1700 quis
748 1652 916 1700 requirit,
951 1664 1050 1700 quae
1081 1664 1199 1689 causa
1227 1664 1298 1688 nos
1327 1651 1516 1699 inpulerit,

121 1725 162 1755 ut
182 1718 277 1754 haec
303 1724 382 1754 tarn
411 1728 497 1754 sero
525 1716 656 1753 litteris
687 1715 971 1762 mandaremus,
992 1716 1086 1753 nihil
1115 1723 1184 1762 est,
1206 1715 1314 1764 quod
1335 1715 1517 1764 expedire

121 1789 199 1819 tam
225 1782 333 1818 facile
363 1781 567 1830 possimus.
626 1781 728 1817 Nam
759 1793 849 1818 cum
879 1781 959 1817 otio
988 1781 1268 1829 langueremus,
1291 1786 1329 1816 et
1358 1779 1388 1817 is
1417 1786 1518 1817 esset

121 1847 174 1883 rei
195 1846 372 1895 publicae
392 1852 523 1890 status,
544 1851 586 1882 ut
614 1857 701 1881 eam
730 1845 842 1882 unius
872 1845 1032 1881 consilio
1063 1851 1178 1892 atque
1205 1856 1295 1880 cura
1315 1844 1517 1892 gubernari

120 1922 280 1948 necesse
310 1916 422 1955 esset,
445 1910 612 1958 primum
643 1910 760 1957 ipsius
791 1910 844 1946 rei
875 1909 1054 1957 publicae
1086 1920 1204 1945 causa
1234 1908 1517 1957 philosophiam

119 1975 256 2012 nostris
285 1974 505 2011 hominibus
534 1973 805 2021 explicandam
835 1973 964 2021 putavi
995 1973 1123 2021 magni
1153 1973 1374 2009 existimans
1403 1973 1515 2009 inter-

121 2050 204 2076 esse
235 2037 283 2075 ad
313 2037 433 2075 decus
465 2044 503 2074 et
535 2036 586 2074 ad
621 2036 775 2074 laudem
807 2037 969 2074 civitatis
1003 2049 1062 2074 res
1096 2043 1175 2074 tam
1207 2037 1329 2085 gravis
1359 2043 1516 2085 tamque

90 2103 331 2151 ·praeclaras
371 2102 514 2139 Latinis
553 2101 667 2138 etiam
706 2101 837 2138 litteris
876 2101 1089 2147 contineri;
1133 2112 1260 2148 eoque
1293 2112 1355 2137 me
1391 2101 1516 2137 minus

121 2167 278 2204 instituti
303 2167 378 2203 mei
408 2166 590 2214 paenitet,
622 2164 728 2213 quod
758 2165 869 2202 facile
898 2166 1035 2210 sentio,
1059 2177 1176 2213 quam
1208 2165 1412 2201 multorum
1438 2176 1516 2201 11011

121 2231 240 2268 1110(10
261 2230 450 2275 discendi,
473 2230 542 2266 sed
564 2230 678 2266 etiam
701 2229 894 2266 scribendi
915 2229 1041 2266 studia
1061 2229 1353 2266 commoverint.
1397 2229 1514 2266 Com-

121 2296 246 2344 plures
267 2295 369 2332 enim
399 2294 558 2331 Graecis
588 2294 889 2330 institutionibus
919 2292 1057 2330 eruditi
1087 2305 1144 2338 ea,
1167 2304 1265 2340 quae
1283 2291 1515 2337 didicerant,

121 2373 210 2396 cum
241 2359 386 2396 civibus
419 2358 494 2395 suis
525 2357 815 2394 communicare
847 2369 926 2394 non
958 2363 1147 2405 poterant,
1179 2355 1297 2404 quod*
1318 2356 1388 2401 illa,
1416 2367 1516 2404 quae

1539 830 1570 847 10

1539 1149 1568 1173 ¹5

1536 1794 1567 1818 ²5

1536 2114 1568 2137 30

121 2437 143 2462 a
173 2423 331 2460 Graecis
361 2422 615 2470 accepissent,
647 2421 782 2458 Latine
813 2420 889 2457 dici
920 2432 1033 2469 posse
1063 2419 1295 2457 diffiderent.
1355 2420 1445 2468 Quo
1474 2420 1513 2457 in
1532 2433 1563 2458 35
