1681 2752
452 172 538 203 LIB.
556 171 620 202 111.
666 171 744 202 Car.
763 171 914 202 VIII-X.
961 172 1000 211 ἐξ
1023 180 1136 210 19—24.
1413 174 1487 214 143

96 285 144 310 eo
164 274 290 311 minus
311 273 362 319 id,
379 272 485 322 quod
506 279 546 310 tu
566 273 633 317 vis,
651 284 808 320 possum
830 279 960 309 mente
981 273 1327 321 comprehendere.
1387 274 1488 310 Nihil
1506 274 1530 307 9

95 344 153 374 est
182 337 328 374 mundo
359 338 493 373 melius
523 337 560 373 in
590 348 714 373 rerum
744 344 891 372 natura.
951 337 1010 373 Ne
1032 337 1070 372 in
1091 338 1197 373 terris
1218 337 1376 385 quidem
1397 339 1488 375 urbe

95 409 248 447 nostra,
278 413 370 437 num
398 401 508 449 igitur
535 400 679 437 idcirco
702 401 737 437 in
760 401 851 437 urbe
874 412 957 436 esse
979 401 1179 446 rationem,
1203 402 1488 449 cogitationem,

95 472 265 501 mentem
299 465 438 513 putas?
465 471 541 509 aut,
572 465 756 512 quoniam
789 477 868 501 non
899 465 958 508 sit,
989 477 1082 500 num
1117 464 1262 501 idcirco
1296 466 1489 502 existimas

52 545 66 569 5
94 529 293 565 formicam
319 528 634 576 anteponendam
664 540 747 565 esse
778 528 866 564 huic
896 528 1188 576 pulcherrumae
1210 529 1302 574 urbi,
1325 529 1431 577 quod
1451 530 1488 565 in

93 593 185 629 urbe
215 604 346 629 sensus
376 593 423 629 sit
451 592 587 637 nullus,
610 593 647 629 in
675 593 835 629 formica
860 605 939 629 non
967 592 1087 629 modo
1114 605 1259 637 sensus,
1281 593 1348 629 sed
1374 594 1489 629 etiam

92 668 214 702 mens,
234 657 342 701 ratio,
364 657 578 693 memoria?
632 656 775 693 Videre
803 663 968 706 oportet,
992 656 1122 701 Balbe,
1145 656 1239 704 quid
1259 657 1326 693 tibi
1347 669 1488 694 conce-

92 719 214 766 datur,
245 732 324 756 non
353 727 391 756 te
422 720 558 768 ipsum,
583 720 690 768 quod
719 721 823 766 velis,
851 732 1015 757 sumere.
1074 721 1196 757 Istum
1226 721 1329 757 enim
1358 721 1486 757 locum

91 775 215 820 tot‘uin
245 784 306 820 illa
330 791 440 821 vetus
466 785 632 821 Zenonis
658 785 782 821 brevis
809 791 858 829 et,
880 791 921 820 ut
941 784 1009 820 tibi
1029 783 1241 829 videbatur,
1263 792 1376 820 acuta
1396 797 1487 821 con-

43 865 74 882 10
92 848 211 885 clusio
229 848 410 885 dilatavit.
467 850 572 885 Zeno
588 849 690 885 enim
710 849 761 885 ita
776 848 975 884 concludit
992 862 999 884 z
1033 850 1041 866 ‘
1056 847 1174 895 Quod
1194 849 1341 884 ratione
1362 849 1487 894 utitur,

92 911 131 948 id
160 913 294 949 melius
325 919 381 949 est
410 925 526 960 quam
556 912 607 958 id,
635 912 741 960 quod
771 913 917 948 ratione
951 925 1032 948 non
1062 913 1203 958 utitur;
1233 913 1326 948 nihil
1359 919 1487 949 autem

92 976 238 1012 mundo
269 977 428 1022 meliu53
458 977 604 1013 ratione
635 977 746 1024 igitur
774 976 942 1012 mundus
970 977 1111 1012 utitur.’
1172 977 1264 1012 Hoc
1291 977 1321 1013 si
1347 977 1485 1025 placet,

90 1041 165 1077 iam
187 1040 341 1085 efficies,
363 1047 404 1077 ut
423 1040 591 1077 mundus
612 1041 758 1088 optime
778 1040 916 1076 librum
936 1041 1063 1088 legere
1079 1040 1264 1077 videatur.
1321 1041 1486 1077 Zenonis

91 1105 192 1141 enim
215 1104 381 1152 vestigiis
408 1103 483 1140 hoc
510 1103 630 1140 modo
659 1105 849 1140 rationem
878 1104 1021 1152 poteris
1051 1104 1311 1140 concludere:
1344 1104 1486 1151 ‘Quod

42 1184 71 1207 ις
90 1169 294 1204 litteratum
324 1175 392 1213 est,
422 1167 462 1204 id
496 1174 552 1204 est
586 1168 732 1213 melius,
764 1180 880 1216 quam
910 1167 1016 1215 quod
1050 1180 1130 1204 non
1164 1175 1221 1204 est
1254 1168 1458 1204 litteratum
1475 1182 1486 1214 ;

89 1232 183 1269 nihil
213 1239 340 1268 autern
369 1231 518 1269 mundo
547 1232 681 1268 melius
697 1245 707 1278 3
737 1232 922 1268 litteratus
942 1232 1054 1280 igitur
1073 1238 1130 1268 est
1151 1232 1345 1269 mundus.’
1406 1234 1485 1269 Isto

91 1296 210 1333 modo
240 1296 355 1333 etiam
385 1296 548 1333 disertus
577 1302 615 1332 et
644 1295 803 1344 quidem
832 1296 1140 1341 mathematicus,
1169 1297 1350 1342 musicus,
1379 1297 1485 1333 omni

91 1360 258 1409 denique
280 1360 456 1397 doctrina
471 1359 653 1405 eruditus,
667 1366 864 1408 postremo
885 1360 1138 1408 philosophus
1165 1359 1256 1410 [erit
1278 1360 1484 1411 mundus}

90 1425 210 1473 Saepe
232 1424 326 1461 dixti
351 1424 444 1461 nihil
469 1424 550 1460 fieri
576 1424 648 1461 nisi
675 1436 722 1461 ex
748 1436 808 1469 eo,
830 1436 904 1460 nec
928 1424 1031 1460 illam
1050 1425 1127 1460 vim
1149 1436 1231 1461 esse
1253 1432 1422 1470 naturae,
1443 1432 1486 1462 ut

40 1502 73 1518 20
90 1488 147 1524 sui
166 1487 362 1525 dissimilia
380 1494 512 1536 posset
531 1488 712 1536 effingere
728 1502 738 1534 3
768 1488 986 1525 concedam
1007 1500 1087 1525 non
1107 1488 1227 1525 modo
1248 1489 1485 1526 animantem

90 1559 128 1588 et
150 1552 364 1600 sapientem
388 1564 472 1588 esse
495 1552 698 1597 mundum,
720 1552 791 1589 sed
820 1552 1017 1589 fidicinem
1047 1553 1163 1589 etiam
1193 1559 1231 1589 et
1259 1553 1483 1598 tubicinem,

89 1616 271 1664 quoniam
305 1627 435 1652 earum
466 1628 620 1664 quoque
658 1616 795 1652 artium
833 1616 1010 1653 homines
1045 1628 1093 1652 ex
1126 1629 1173 1653 eo
1208 1617 1486 1664 procreantur?

90 1679 195 1716 Nihil
223 1680 334 1727 igitur
358 1679 482 1716 adfert
507 1687 617 1728 pater
642 1680 711 1716 iste
739 1681 967 1725 Stoicorum,
989 1692 1106 1728 quare
1128 1680 1317 1717 mundum
1337 1682 1483 1717 ratione

88 1743 142 1780 uti
170 1750 360 1791 putemus,
384 1755 432 1779 ne
463 1756 531 1779 cur
558 1744 794 1780 animantem
822 1744 981 1792 quidem
1011 1756 1106 1781 esse.
1166 1745 1257 1781 Non
1287 1752 1345 1781 est
1374 1746 1485 1793 igitur

39 1821 70 1846 25
89 1807 254 1844 mundus
275 1807 382 1853 deus,
404 1814 442 1844 et
469 1814 599 1844 tamen
629 1808 723 1844 nihil
752 1814 809 1844 est
837 1820 885 1844 eo
915 1809 1075 1855 melius;
1106 1809 1199 1845 nihil
1225 1816 1282 1845 est
1308 1810 1411 1846 enim
1435 1821 1482 1846 eo

88 1871 293 1919 pulchrius,
314 1871 407 1907 nihil
433 1872 630 1908 salutarius
657 1872 781 1917 nobis,
802 1872 895 1908 nihil
920 1873 1088 1909 ornatius
1113 1880 1272 1921 aspectu
1297 1881 1482 1921 motuque

88 1935 336 1972 constantius.
394 1935 546 1982 Quodsi
567 1935 734 1972 mundus
753 1936 950 1973 universus
970 1948 1050 1973 non
1071 1943 1129 1973 est
1149 1936 1257 1983 deus,
1279 1949 1327 1973 ne
1351 1938 1482 1974 stellae

88 1998 258 2046 quidem,
284 2011 377 2046 quas
410 2006 451 2036 tu
485 2000 770 2037 innumerabilis
800 2001 838 2037 in
868 2000 1031 2037 deorum
1060 2013 1222 2037 numero
1251 2002 1480 2049 reponebas,

87 2074 248 2110 quarum
267 2069 304 2099 te
325 2075 456 2100 cursus
477 2065 698 2112 aequabiles
717 2065 941 2112 aeternique
962 2064 1220 2110 delectabant,
1238 2077 1312 2102 nec
1332 2066 1481 2102 meher-

37 2145 70 2168 30
89 2127 173 2163 cule
211 2127 370 2174 iniuria3
403 2134 491 2164 sunt
529 2129 632 2165 enirn
670 2128 883 2166 admirabili
923 2129 1213 2177 incredibilique
1253 2131 1481 2167 constantia.

1506 730 1538 754 22

87 2189 165 2227 Sed
190 2203 269 2227 non
295 2192 437 2237 omnia,
459 2192 589 2238 Balbe,
611 2205 710 2240 quae
732 2205 863 2229 cursus
884 2200 1009 2230 certos
1030 2200 1067 2230 et
1089 2194 1299 2230 constantis
1324 2193 1480 2239 habent,
1499 2207 1533 2233 24

87 2266 134 2290 ea
152 2253 228 2291 deo
257 2255 385 2303 potius
414 2256 618 2293 tribuenda
645 2263 732 2293 sunt
752 2268 868 2304 quam
895 2264 1064 2294 naturae.
1123 2257 1228 2304 Quid
1249 2257 1478 2295 Chalcidico
1491 2262 1539 2296 10

88 2319 233 2366 Euripo
260 2319 298 2355 in
325 2325 432 2356 motu
459 2319 673 2356 identidem
700 2320 981 2368 reciprocando
1008 2327 1119 2369 putas
1143 2322 1224 2358 fieri
1246 2334 1362 2370 posse
1387 2334 1480 2359 con-

87 2383 274 2419 stantius?
302 2382 397 2430 quid
416 2382 513 2420 freto
534 2384 747 2421 Siciliensi?
775 2383 869 2432 quid
885 2384 1035 2422 Oceani
1055 2385 1202 2422 fervore
1222 2386 1293 2422 illis
1314 2386 1352 2422 in
1372 2386 1480 2431 locis,

38 2469 69 2493 3⁵
173 2457 413 2506 Europam
443 2458 739 2507 Libyamque
768 2471 913 2507 rapax
942 2459 1021 2497 ubi
1050 2459 1228 2497 dividit
1256 2460 1410 2497 unda?
