<?xml version="1.0" encoding="UTF-8"?>
<!DOCTYPE html PUBLIC "-//W3C//DTD XHTML 1.0 Transitional//EN"
    "http://www.w3.org/TR/xhtml1/DTD/xhtml1-transitional.dtd">
<html xmlns="http://www.w3.org/1999/xhtml" xml:lang="en" lang="en">
 <head>
  <title>
</title>
<meta http-equiv="Content-Type" content="text/html;charset=utf-8" />
  <meta name='ocr-system' content='tesseract 3.04.00' />
  <meta name='ocr-capabilities' content='ocr_page ocr_carea ocr_par ocr_line ocrx_word'/>
</head>
<body>
  <div class='ocr_page' id='page_1' title='image "./denaturadeorumli00ciceuoft_0113.png"; bbox 0 0 1681 2752; ppageno 0'>
   <div class='ocr_carea' id='block_1_1' title="bbox 433 176 1478 218">
    <p class='ocr_par' dir='ltr' id='par_1_1' title="bbox 433 176 1478 218">
     <span class='ocr_line' id='line_1_1' title="bbox 433 176 1478 218; baseline 0 -11"><span class='ocrx_word' id='word_1_1' title='bbox 433 176 590 207; x_wconf 84' lang='lat' dir='ltr'>LIB.11.</span> <span class='ocrx_word' id='word_1_2' title='bbox 637 176 920 212; x_wconf 50' lang='lat' dir='ltr'>cap.xx,x&gt;&lt;1.</span> <span class='ocrx_word' id='word_1_3' title='bbox 968 177 1006 216; x_wconf 60' lang='grc' dir='ltr'>ξς</span> <span class='ocrx_word' id='word_1_4' title='bbox 1026 185 1141 217; x_wconf 53' lang='lat' dir='ltr'>5oe57.</span> <span class='ocrx_word' id='word_1_5' title='bbox 1427 177 1478 218; x_wconf 84' lang='lat'>95</span> 
     </span>
    </p>
   </div>
   <div class='ocr_carea' id='block_1_2' title="bbox 36 277 1560 2503">
    <p class='ocr_par' dir='ltr' id='par_1_2' title="bbox 84 277 1486 519">
     <span class='ocr_line' id='line_1_2' title="bbox 85 277 1480 327; baseline -0.002 -11"><span class='ocrx_word' id='word_1_6' title='bbox 85 291 133 316; x_wconf 90' lang='lat' dir='ltr'>ea</span> <span class='ocrx_word' id='word_1_7' title='bbox 153 278 325 327; x_wconf 85' lang='grc' dir='ltr'>Στίλβων</span> <span class='ocrx_word' id='word_1_8' title='bbox 352 278 562 326; x_wconf 87' lang='lat' dir='ltr'>appellatur</span> <span class='ocrx_word' id='word_1_9' title='bbox 581 289 604 313; x_wconf 87' lang='lat' dir='ltr'>a</span> <span class='ocrx_word' id='word_1_10' title='bbox 624 277 782 314; x_wconf 87' lang='lat' dir='ltr'>Graecis</span> <span class='ocrx_word' id='word_1_11' title='bbox 799 291 808 322; x_wconf 88' lang='lat'>;</span> <span class='ocrx_word' id='word_1_12' title='bbox 832 288 930 324; x_wconf 86' lang='lat' dir='ltr'>quae</span> <span class='ocrx_word' id='word_1_13' title='bbox 946 288 1048 313; x_wconf 89' lang='lat' dir='ltr'>anno</span> <span class='ocrx_word' id='word_1_14' title='bbox 1070 277 1147 314; x_wconf 90' lang='lat' dir='ltr'>sere</span> <span class='ocrx_word' id='word_1_15' title='bbox 1167 283 1339 313; x_wconf 88' lang='lat' dir='ltr'>vertente</span> <span class='ocrx_word' id='word_1_16' title='bbox 1370 277 1480 325; x_wconf 76' lang='lat' dir='ltr'>signi-</span> 
     </span>
     <span class='ocr_line' id='line_1_3' title="bbox 84 341 1483 389; baseline -0.001 -10"><span class='ocrx_word' id='word_1_17' title='bbox 84 343 204 380; x_wconf 84' lang='lat' dir='ltr'>ferum</span> <span class='ocrx_word' id='word_1_18' title='bbox 226 343 355 378; x_wconf 88' lang='lat' dir='ltr'>lustrat</span> <span class='ocrx_word' id='word_1_19' title='bbox 376 342 510 378; x_wconf 89' lang='lat' dir='ltr'>orbem</span> <span class='ocrx_word' id='word_1_20' title='bbox 531 353 658 389; x_wconf 91' lang='lat' dir='ltr'>neque</span> <span class='ocrx_word' id='word_1_21' title='bbox 689 353 711 377; x_wconf 87' lang='lat' dir='ltr'>a</span> <span class='ocrx_word' id='word_1_22' title='bbox 738 341 819 378; x_wconf 89' lang='lat' dir='ltr'>sole</span> <span class='ocrx_word' id='word_1_23' title='bbox 848 341 998 389; x_wconf 83' lang='lat' dir='ltr'>longius</span> <span class='ocrx_word' id='word_1_24' title='bbox 1028 353 1212 388; x_wconf 88' lang='lat' dir='ltr'>umquam</span> <span class='ocrx_word' id='word_1_25' title='bbox 1245 341 1356 376; x_wconf 87' lang='lat' dir='ltr'>unius</span> <span class='ocrx_word' id='word_1_26' title='bbox 1388 341 1483 388; x_wconf 80' lang='lat' dir='ltr'>signi</span> 
     </span>
     <span class='ocr_line' id='line_1_4' title="bbox 85 405 1486 452; baseline -0.002 -9"><span class='ocrx_word' id='word_1_27' title='bbox 85 406 280 443; x_wconf 90' lang='lat' dir='ltr'>intervallo</span> <span class='ocrx_word' id='word_1_28' title='bbox 319 405 483 442; x_wconf 84' lang='lat' dir='ltr'><strong>discedit</strong></span> <span class='ocrx_word' id='word_1_29' title='bbox 522 412 602 442; x_wconf 88' lang='lat' dir='ltr'>tum</span> <span class='ocrx_word' id='word_1_30' title='bbox 634 412 888 450; x_wconf 80' lang='lat' dir='ltr'>antevertens,</span> <span class='ocrx_word' id='word_1_31' title='bbox 921 412 1002 441; x_wconf 88' lang='lat' dir='ltr'>tum</span> <span class='ocrx_word' id='word_1_32' title='bbox 1036 405 1288 452; x_wconf 85' lang='lat' dir='ltr'>subsequens.</span> <span class='ocrx_word' id='word_1_33' title='bbox 1348 405 1486 440; x_wconf 83' lang='lat' dir='ltr'>Infima</span> 
     </span>
     <span class='ocr_line' id='line_1_5' title="bbox 84 468 1484 519; baseline -0.002 -12"><span class='ocrx_word' id='word_1_34' title='bbox 84 477 141 507; x_wconf 90' lang='lat' dir='ltr'>est</span> <span class='ocrx_word' id='word_1_35' title='bbox 172 471 342 519; x_wconf 88' lang='lat' dir='ltr'>quinque</span> <span class='ocrx_word' id='word_1_36' title='bbox 377 470 582 506; x_wconf 84' lang='lat' dir='ltr'>errantium</span> <span class='ocrx_word' id='word_1_37' title='bbox 614 476 813 517; x_wconf 82' lang='lat' dir='ltr'>terraeque</span> <span class='ocrx_word' id='word_1_38' title='bbox 846 469 1021 517; x_wconf 78' lang='lat' dir='ltr'>proxima</span> <span class='ocrx_word' id='word_1_39' title='bbox 1051 468 1160 505; x_wconf 90' lang='lat' dir='ltr'>stella</span> <span class='ocrx_word' id='word_1_40' title='bbox 1188 469 1360 513; x_wconf 89' lang='lat' dir='ltr'>Veneris,</span> <span class='ocrx_word' id='word_1_41' title='bbox 1386 481 1484 516; x_wconf 86' lang='lat' dir='ltr'>quae</span> 
     </span>
    </p>

    <p class='ocr_par' dir='ltr' id='par_1_3' title="bbox 43 532 1486 837">
     <span class='ocr_line' id='line_1_6' title="bbox 43 532 1486 581; baseline -0.001 -12"><span class='ocrx_word' id='word_1_42' title='bbox 43 550 57 574; x_wconf 83' lang='lat'>5</span> <span class='ocrx_word' id='word_1_43' title='bbox 83 533 290 581; x_wconf 86' lang='grc' dir='ltr'>Φωσφόρος</span> <span class='ocrx_word' id='word_1_44' title='bbox 329 534 491 578; x_wconf 82' lang='lat' dir='ltr'>Graece,</span> <span class='ocrx_word' id='word_1_45' title='bbox 534 533 686 569; x_wconf 85' lang='lat' dir='ltr'>Lucifer</span> <span class='ocrx_word' id='word_1_46' title='bbox 725 533 859 570; x_wconf 84' lang='lat' dir='ltr'>Latine</span> <span class='ocrx_word' id='word_1_47' title='bbox 898 532 1049 577; x_wconf 89' lang='lat' dir='ltr'>dicitur,</span> <span class='ocrx_word' id='word_1_48' title='bbox 1089 544 1178 568; x_wconf 90' lang='lat' dir='ltr'>cum</span> <span class='ocrx_word' id='word_1_49' title='bbox 1226 532 1486 580; x_wconf 83' lang='lat' dir='ltr'>antegreditur</span> 
     </span>
     <span class='ocr_line' id='line_1_7' title="bbox 84 595 1485 645; baseline -0.001 -11"><span class='ocrx_word' id='word_1_50' title='bbox 84 598 217 642; x_wconf 88' lang='lat' dir='ltr'>solem,</span> <span class='ocrx_word' id='word_1_51' title='bbox 239 609 329 634; x_wconf 91' lang='lat' dir='ltr'>cum</span> <span class='ocrx_word' id='word_1_52' title='bbox 349 597 592 645; x_wconf 85' lang='lat' dir='ltr'>subsequitur</span> <span class='ocrx_word' id='word_1_53' title='bbox 611 603 752 642; x_wconf 87' lang='lat' dir='ltr'>autem,</span> <span class='ocrx_word' id='word_1_54' title='bbox 773 595 987 645; x_wconf 76' lang='grc' dir='ltr'>“Ἐσπερος;</span> <span class='ocrx_word' id='word_1_55' title='bbox 1019 608 1065 633; x_wconf 88' lang='lat' dir='ltr'>ea</span> <span class='ocrx_word' id='word_1_56' title='bbox 1085 609 1238 633; x_wconf 88' lang='lat' dir='ltr'>cursum</span> <span class='ocrx_word' id='word_1_57' title='bbox 1268 609 1371 633; x_wconf 87' lang='lat' dir='ltr'>anno</span> <span class='ocrx_word' id='word_1_58' title='bbox 1393 609 1485 633; x_wconf 90' lang='lat' dir='ltr'>con-</span> 
     </span>
     <span class='ocr_line' id='line_1_8' title="bbox 84 660 1486 709; baseline 0 -12"><span class='ocrx_word' id='word_1_59' title='bbox 84 661 163 698; x_wconf 88' lang='lat' dir='ltr'>ficit</span> <span class='ocrx_word' id='word_1_60' title='bbox 183 667 220 697; x_wconf 92' lang='lat' dir='ltr'>et</span> <span class='ocrx_word' id='word_1_61' title='bbox 240 660 481 698; x_wconf 88' lang='lat' dir='ltr'>latitudinem</span> <span class='ocrx_word' id='word_1_62' title='bbox 503 661 663 697; x_wconf 83' lang='lat' dir='ltr'>lustrans</span> <span class='ocrx_word' id='word_1_63' title='bbox 685 661 852 709; x_wconf 84' lang='lat' dir='ltr'>signiferi</span> <span class='ocrx_word' id='word_1_64' title='bbox 882 660 982 697; x_wconf 91' lang='lat' dir='ltr'>orbis</span> <span class='ocrx_word' id='word_1_65' title='bbox 1004 667 1042 697; x_wconf 92' lang='lat' dir='ltr'>et</span> <span class='ocrx_word' id='word_1_66' title='bbox 1062 660 1355 709; x_wconf 83' lang='lat' dir='ltr'>longitudinem,</span> <span class='ocrx_word' id='word_1_67' title='bbox 1378 660 1486 708; x_wconf 86' lang='lat' dir='ltr'>quod</span> 
     </span>
     <span class='ocr_line' id='line_1_9' title="bbox 84 724 1485 772; baseline 0 -11"><span class='ocrx_word' id='word_1_68' title='bbox 84 725 188 761; x_wconf 92' lang='lat' dir='ltr'>idem</span> <span class='ocrx_word' id='word_1_69' title='bbox 209 725 352 761; x_wconf 88' lang='lat' dir='ltr'>faciunt</span> <span class='ocrx_word' id='word_1_70' title='bbox 372 725 501 761; x_wconf 88' lang='lat' dir='ltr'>stellae</span> <span class='ocrx_word' id='word_1_71' title='bbox 523 725 749 772; x_wconf 85' lang='lat' dir='ltr'>superiores,</span> <span class='ocrx_word' id='word_1_72' title='bbox 772 736 898 772; x_wconf 87' lang='lat' dir='ltr'>neque</span> <span class='ocrx_word' id='word_1_73' title='bbox 929 736 1114 772; x_wconf 88' lang='lat' dir='ltr'>umquam</span> <span class='ocrx_word' id='word_1_74' title='bbox 1143 725 1192 761; x_wconf 92' lang='lat' dir='ltr'>ab</span> <span class='ocrx_word' id='word_1_75' title='bbox 1221 725 1299 761; x_wconf 89' lang='lat' dir='ltr'>sole</span> <span class='ocrx_word' id='word_1_76' title='bbox 1321 724 1485 761; x_wconf 90' lang='lat' dir='ltr'>duorum</span> 
     </span>
     <span class='ocr_line' id='line_1_10' title="bbox 84 787 1485 837; baseline 0.001 -13"><span class='ocrx_word' id='word_1_77' title='bbox 84 789 279 837; x_wconf 82' lang='lat' dir='ltr'>signorum</span> <span class='ocrx_word' id='word_1_78' title='bbox 309 788 504 825; x_wconf 88' lang='lat' dir='ltr'>intervallo</span> <span class='ocrx_word' id='word_1_79' title='bbox 533 788 681 836; x_wconf 87' lang='lat' dir='ltr'>longius</span> <span class='ocrx_word' id='word_1_80' title='bbox 712 787 877 825; x_wconf 84' lang='lat' dir='ltr'>discedit</span> <span class='ocrx_word' id='word_1_81' title='bbox 906 796 987 824; x_wconf 91' lang='lat' dir='ltr'>tum</span> <span class='ocrx_word' id='word_1_82' title='bbox 1017 788 1265 834; x_wconf 81' lang='lat' dir='ltr'>antecedens,</span> <span class='ocrx_word' id='word_1_83' title='bbox 1285 795 1367 825; x_wconf 91' lang='lat' dir='ltr'>turn</span> <span class='ocrx_word' id='word_1_84' title='bbox 1398 789 1485 825; x_wconf 88' lang='lat' dir='ltr'>sub-</span> 
     </span>
    </p>

    <p class='ocr_par' dir='ltr' id='par_1_4' title="bbox 36 842 1552 1155">
     <span class='ocr_line' id='line_1_11' title="bbox 36 842 1541 911; baseline 0.001 -23"><span class='ocrx_word' id='word_1_85' title='bbox 36 868 66 884; x_wconf 84' lang='grc' dir='ltr'>ιο</span> <span class='ocrx_word' id='word_1_86' title='bbox 85 864 262 900; x_wconf 90' lang='lat' dir='ltr'>sequens.</span> <span class='ocrx_word' id='word_1_87' title='bbox 321 853 437 889; x_wconf 90' lang='lat' dir='ltr'>Hanc</span> <span class='ocrx_word' id='word_1_88' title='bbox 459 853 571 901; x_wconf 89' lang='lat' dir='ltr'>igitur</span> <span class='ocrx_word' id='word_1_89' title='bbox 599 853 637 889; x_wconf 91' lang='lat' dir='ltr'>in</span> <span class='ocrx_word' id='word_1_90' title='bbox 667 852 783 888; x_wconf 88' lang='lat' dir='ltr'>stellis</span> <span class='ocrx_word' id='word_1_91' title='bbox 813 853 1081 898; x_wconf 81' lang='lat' dir='ltr'>constantiam,</span> <span class='ocrx_word' id='word_1_92' title='bbox 1103 852 1204 889; x_wconf 91' lang='lat' dir='ltr'>hanc</span> <span class='ocrx_word' id='word_1_93' title='bbox 1232 859 1377 889; x_wconf 84' lang='lat' dir='ltr'>tantam</span> <span class='ocrx_word' id='word_1_94' title='bbox 1407 842 1541 911; x_wconf 34' lang='lat' dir='ltr'>taust-⁴³5}</span> 
     </span>
     <span class='ocr_line' id='line_1_12' title="bbox 84 916 1552 964; baseline 0.001 -12"><span class='ocrx_word' id='word_1_95' title='bbox 84 917 193 953; x_wconf 81' lang='lat' dir='ltr'>variis</span> <span class='ocrx_word' id='word_1_96' title='bbox 213 916 385 953; x_wconf 88' lang='lat' dir='ltr'>cursibus</span> <span class='ocrx_word' id='word_1_97' title='bbox 406 917 444 953; x_wconf 91' lang='lat' dir='ltr'>in</span> <span class='ocrx_word' id='word_1_98' title='bbox 464 917 571 953; x_wconf 92' lang='lat' dir='ltr'>omni</span> <span class='ocrx_word' id='word_1_99' title='bbox 595 917 818 953; x_wconf 86' lang='lat' dir='ltr'>aeternitate</span> <span class='ocrx_word' id='word_1_100' title='bbox 840 917 1150 953; x_wconf 88' lang='lat' dir='ltr'>convenientiam</span> <span class='ocrx_word' id='word_1_101' title='bbox 1170 924 1387 964; x_wconf 89' lang='lat' dir='ltr'>temporum</span> <span class='ocrx_word' id='word_1_102' title='bbox 1409 929 1486 953; x_wconf 93' lang='lat' dir='ltr'>non</span> <span class='ocrx_word' id='word_1_103' title='bbox 1512 942 1552 952; x_wconf 51' lang='lat' dir='ltr'><em>f</em></span> 
     </span>
     <span class='ocr_line' id='line_1_13' title="bbox 84 980 1486 1028; baseline 0 -12"><span class='ocrx_word' id='word_1_104' title='bbox 84 992 241 1028; x_wconf 88' lang='lat' dir='ltr'>possum</span> <span class='ocrx_word' id='word_1_105' title='bbox 262 980 482 1028; x_wconf 87' lang='lat' dir='ltr'>intellegere</span> <span class='ocrx_word' id='word_1_106' title='bbox 506 981 587 1016; x_wconf 89' lang='lat' dir='ltr'>sine</span> <span class='ocrx_word' id='word_1_107' title='bbox 610 987 752 1025; x_wconf 87' lang='lat' dir='ltr'>mente,</span> <span class='ocrx_word' id='word_1_108' title='bbox 773 980 932 1025; x_wconf 89' lang='lat' dir='ltr'>ratione,</span> <span class='ocrx_word' id='word_1_109' title='bbox 956 980 1128 1017; x_wconf 90' lang='lat' dir='ltr'>consilio.</span> <span class='ocrx_word' id='word_1_110' title='bbox 1187 980 1298 1028; x_wconf 86' lang='lat' dir='ltr'>Quae</span> <span class='ocrx_word' id='word_1_111' title='bbox 1329 993 1418 1016; x_wconf 87' lang='lat' dir='ltr'>cum</span> <span class='ocrx_word' id='word_1_112' title='bbox 1448 981 1486 1016; x_wconf 90' lang='lat' dir='ltr'>in</span> 
     </span>
     <span class='ocr_line' id='line_1_14' title="bbox 84 1043 1487 1092; baseline 0 -12"><span class='ocrx_word' id='word_1_113' title='bbox 84 1043 272 1080; x_wconf 87' lang='lat' dir='ltr'>sideribus</span> <span class='ocrx_word' id='word_1_114' title='bbox 292 1044 417 1080; x_wconf 89' lang='lat' dir='ltr'>inesse</span> <span class='ocrx_word' id='word_1_115' title='bbox 438 1043 650 1089; x_wconf 89' lang='lat' dir='ltr'>videamus,</span> <span class='ocrx_word' id='word_1_116' title='bbox 672 1056 750 1080; x_wconf 93' lang='lat' dir='ltr'>non</span> <span class='ocrx_word' id='word_1_117' title='bbox 773 1056 978 1092; x_wconf 91' lang='lat' dir='ltr'>possumus</span> <span class='ocrx_word' id='word_1_118' title='bbox 999 1056 1045 1080; x_wconf 89' lang='lat' dir='ltr'>ea</span> <span class='ocrx_word' id='word_1_119' title='bbox 1064 1044 1146 1091; x_wconf 90' lang='lat' dir='ltr'>ipsa</span> <span class='ocrx_word' id='word_1_120' title='bbox 1164 1056 1243 1080; x_wconf 93' lang='lat' dir='ltr'>non</span> <span class='ocrx_word' id='word_1_121' title='bbox 1264 1045 1303 1081; x_wconf 90' lang='lat' dir='ltr'>in</span> <span class='ocrx_word' id='word_1_122' title='bbox 1323 1044 1487 1080; x_wconf 87' lang='lat' dir='ltr'>deorum</span> 
     </span>
     <span class='ocr_line' id='line_1_15' title="bbox 84 1108 1485 1155; baseline 0 -11"><span class='ocrx_word' id='word_1_123' title='bbox 84 1119 246 1144; x_wconf 88' lang='lat' dir='ltr'>numero</span> <span class='ocrx_word' id='word_1_124' title='bbox 266 1119 465 1155; x_wconf 91' lang='lat' dir='ltr'>reponere.</span> <span class='ocrx_word' id='word_1_125' title='bbox 524 1108 610 1144; x_wconf 93' lang='lat' dir='ltr'>Nec</span> <span class='ocrx_word' id='word_1_126' title='bbox 631 1119 720 1144; x_wconf 92' lang='lat' dir='ltr'>vero</span> <span class='ocrx_word' id='word_1_127' title='bbox 742 1120 811 1144; x_wconf 91' lang='lat' dir='ltr'>eae</span> <span class='ocrx_word' id='word_1_128' title='bbox 833 1108 975 1152; x_wconf 87' lang='lat' dir='ltr'>stellae,</span> <span class='ocrx_word' id='word_1_129' title='bbox 997 1119 1095 1155; x_wconf 85' lang='lat' dir='ltr'>quae</span> <span class='ocrx_word' id='word_1_130' title='bbox 1118 1108 1325 1144; x_wconf 88' lang='lat' dir='ltr'>inerrantes</span> <span class='ocrx_word' id='word_1_131' title='bbox 1345 1120 1485 1144; x_wconf 83' lang='lat' dir='ltr'>vocan-</span> 
     </span>
    </p>

    <p class='ocr_par' dir='ltr' id='par_1_5' title="bbox 37 1170 1488 1478">
     <span class='ocr_line' id='line_1_16' title="bbox 37 1170 1486 1219; baseline -0.001 -11"><span class='ocrx_word' id='word_1_132' title='bbox 37 1185 66 1208; x_wconf 64' lang='grc' dir='ltr'>τε</span> <span class='ocrx_word' id='word_1_133' title='bbox 84 1178 156 1217; x_wconf 91' lang='lat' dir='ltr'>tur,</span> <span class='ocrx_word' id='word_1_134' title='bbox 177 1183 256 1208; x_wconf 90' lang='lat' dir='ltr'>non</span> <span class='ocrx_word' id='word_1_135' title='bbox 276 1171 492 1219; x_wconf 87' lang='lat' dir='ltr'>significant</span> <span class='ocrx_word' id='word_1_136' title='bbox 513 1171 680 1208; x_wconf 89' lang='lat' dir='ltr'>eandem</span> <span class='ocrx_word' id='word_1_137' title='bbox 701 1178 873 1208; x_wconf 89' lang='lat' dir='ltr'>mentem</span> <span class='ocrx_word' id='word_1_138' title='bbox 903 1178 1017 1219; x_wconf 89' lang='lat' dir='ltr'>atque</span> <span class='ocrx_word' id='word_1_139' title='bbox 1048 1170 1303 1219; x_wconf 85' lang='lat' dir='ltr'>prudentiam,</span> <span class='ocrx_word' id='word_1_140' title='bbox 1325 1184 1486 1219; x_wconf 85' lang='lat' dir='ltr'>quarum</span> 
     </span>
     <span class='ocr_line' id='line_1_17' title="bbox 85 1235 1486 1283; baseline 0 -11"><span class='ocrx_word' id='word_1_141' title='bbox 85 1242 143 1273; x_wconf 89' lang='lat' dir='ltr'>est</span> <span class='ocrx_word' id='word_1_142' title='bbox 180 1235 375 1272; x_wconf 87' lang='lat' dir='ltr'>cotidiana</span> <span class='ocrx_word' id='word_1_143' title='bbox 414 1236 650 1273; x_wconf 90' lang='lat' dir='ltr'>conveniens</span> <span class='ocrx_word' id='word_1_144' title='bbox 690 1242 949 1283; x_wconf 87' lang='lat' dir='ltr'>constansque</span> <span class='ocrx_word' id='word_1_145' title='bbox 983 1236 1196 1280; x_wconf 90' lang='lat' dir='ltr'>conversio,</span> <span class='ocrx_word' id='word_1_146' title='bbox 1231 1247 1305 1272; x_wconf 92' lang='lat' dir='ltr'>nec</span> <span class='ocrx_word' id='word_1_147' title='bbox 1344 1236 1486 1272; x_wconf 90' lang='lat' dir='ltr'>habent</span> 
     </span>
     <span class='ocr_line' id='line_1_18' title="bbox 87 1299 1487 1349; baseline -0.001 -12"><span class='ocrx_word' id='word_1_148' title='bbox 87 1301 276 1338; x_wconf 87' lang='lat' dir='ltr'>aetherios</span> <span class='ocrx_word' id='word_1_149' title='bbox 315 1313 448 1339; x_wconf 89' lang='lat' dir='ltr'>cursus</span> <span class='ocrx_word' id='word_1_150' title='bbox 485 1312 614 1349; x_wconf 89' lang='lat' dir='ltr'>neque</span> <span class='ocrx_word' id='word_1_151' title='bbox 647 1300 755 1337; x_wconf 92' lang='lat' dir='ltr'>caelo</span> <span class='ocrx_word' id='word_1_152' title='bbox 789 1299 1044 1345; x_wconf 89' lang='lat' dir='ltr'>inhaerentes,</span> <span class='ocrx_word' id='word_1_153' title='bbox 1074 1305 1116 1336; x_wconf 89' lang='lat' dir='ltr'>ut</span> <span class='ocrx_word' id='word_1_154' title='bbox 1146 1299 1318 1347; x_wconf 88' lang='lat' dir='ltr'>plerique</span> <span class='ocrx_word' id='word_1_155' title='bbox 1353 1299 1487 1336; x_wconf 89' lang='lat' dir='ltr'>dicunt</span> 
     </span>
     <span class='ocr_line' id='line_1_19' title="bbox 86 1363 1488 1414; baseline -0.001 -12"><span class='ocrx_word' id='word_1_156' title='bbox 86 1366 268 1414; x_wconf 89' lang='lat' dir='ltr'>physicae</span> <span class='ocrx_word' id='word_1_157' title='bbox 294 1366 450 1403; x_wconf 88' lang='lat' dir='ltr'>rationis</span> <span class='ocrx_word' id='word_1_158' title='bbox 471 1365 603 1414; x_wconf 85' lang='lat' dir='ltr'>ignari.</span> <span class='ocrx_word' id='word_1_159' title='bbox 662 1365 754 1402; x_wconf 89' lang='lat' dir='ltr'>Non</span> <span class='ocrx_word' id='word_1_160' title='bbox 775 1370 832 1401; x_wconf 90' lang='lat' dir='ltr'>est</span> <span class='ocrx_word' id='word_1_161' title='bbox 852 1364 956 1400; x_wconf 90' lang='lat' dir='ltr'>enim</span> <span class='ocrx_word' id='word_1_162' title='bbox 977 1363 1140 1400; x_wconf 90' lang='lat' dir='ltr'>aetheris</span> <span class='ocrx_word' id='word_1_163' title='bbox 1160 1375 1207 1400; x_wconf 91' lang='lat' dir='ltr'>ea</span> <span class='ocrx_word' id='word_1_164' title='bbox 1226 1370 1371 1409; x_wconf 88' lang='lat' dir='ltr'>natura,</span> <span class='ocrx_word' id='word_1_165' title='bbox 1393 1371 1433 1400; x_wconf 91' lang='lat' dir='ltr'>ut</span> <span class='ocrx_word' id='word_1_166' title='bbox 1451 1365 1488 1401; x_wconf 91' lang='lat' dir='ltr'>vi</span> 
     </span>
     <span class='ocr_line' id='line_1_20' title="bbox 87 1428 1488 1478; baseline -0.001 -12"><span class='ocrx_word' id='word_1_167' title='bbox 87 1442 156 1466; x_wconf 89' lang='lat' dir='ltr'>sua</span> <span class='ocrx_word' id='word_1_168' title='bbox 183 1430 308 1467; x_wconf 88' lang='lat' dir='ltr'>stellas</span> <span class='ocrx_word' id='word_1_169' title='bbox 338 1430 528 1478; x_wconf 87' lang='lat' dir='ltr'>conplexa</span> <span class='ocrx_word' id='word_1_170' title='bbox 557 1435 812 1477; x_wconf 90' lang='lat' dir='ltr'>contorqueat</span> <span class='ocrx_word' id='word_1_171' title='bbox 827 1442 836 1475; x_wconf 88' lang='lat'>;</span> <span class='ocrx_word' id='word_1_172' title='bbox 867 1440 957 1465; x_wconf 90' lang='lat' dir='ltr'>nam</span> <span class='ocrx_word' id='word_1_173' title='bbox 986 1428 1111 1465; x_wconf 90' lang='lat' dir='ltr'>tenuis</span> <span class='ocrx_word' id='word_1_174' title='bbox 1143 1439 1188 1464; x_wconf 89' lang='lat' dir='ltr'>ac</span> <span class='ocrx_word' id='word_1_175' title='bbox 1215 1428 1417 1476; x_wconf 88' lang='lat' dir='ltr'>perlucens</span> <span class='ocrx_word' id='word_1_176' title='bbox 1449 1435 1488 1465; x_wconf 87' lang='lat' dir='ltr'>et</span> 
     </span>
    </p>

    <p class='ocr_par' dir='ltr' id='par_1_6' title="bbox 37 1491 1539 1798">
     <span class='ocr_line' id='line_1_21' title="bbox 37 1491 1485 1542; baseline -0.001 -11"><span class='ocrx_word' id='word_1_177' title='bbox 37 1510 70 1526; x_wconf 87' lang='lat'>20</span> <span class='ocrx_word' id='word_1_178' title='bbox 87 1494 276 1542; x_wconf 88' lang='lat' dir='ltr'>aequabili</span> <span class='ocrx_word' id='word_1_179' title='bbox 297 1494 423 1532; x_wconf 88' lang='lat' dir='ltr'>calore</span> <span class='ocrx_word' id='word_1_180' title='bbox 444 1494 607 1531; x_wconf 82' lang='lat' dir='ltr'>suffusus</span> <span class='ocrx_word' id='word_1_181' title='bbox 627 1494 759 1530; x_wconf 86' lang='lat' dir='ltr'>aether</span> <span class='ocrx_word' id='word_1_182' title='bbox 778 1505 858 1530; x_wconf 90' lang='lat' dir='ltr'>non</span> <span class='ocrx_word' id='word_1_183' title='bbox 879 1493 968 1530; x_wconf 88' lang='lat' dir='ltr'>satis</span> <span class='ocrx_word' id='word_1_184' title='bbox 987 1499 1100 1541; x_wconf 87' lang='lat' dir='ltr'>aptus</span> <span class='ocrx_word' id='word_1_185' title='bbox 1129 1491 1180 1529; x_wconf 91' lang='lat' dir='ltr'>ad</span> <span class='ocrx_word' id='word_1_186' title='bbox 1209 1493 1333 1529; x_wconf 89' lang='lat' dir='ltr'>stellas</span> <span class='ocrx_word' id='word_1_187' title='bbox 1364 1494 1485 1529; x_wconf 89' lang='lat' dir='ltr'>conti-</span> 
     </span>
     <span class='ocr_line' id='line_1_22' title="bbox 87 1557 1539 1606; baseline -0.001 -11"><span class='ocrx_word' id='word_1_188' title='bbox 87 1557 236 1595; x_wconf 89' lang='lat' dir='ltr'>nendas</span> <span class='ocrx_word' id='word_1_189' title='bbox 268 1558 429 1595; x_wconf 90' lang='lat' dir='ltr'>videtur.</span> <span class='ocrx_word' id='word_1_190' title='bbox 488 1559 651 1595; x_wconf 88' lang='lat' dir='ltr'>Habent</span> <span class='ocrx_word' id='word_1_191' title='bbox 689 1558 800 1606; x_wconf 81' lang='lat' dir='ltr'>igitur</span> <span class='ocrx_word' id='word_1_192' title='bbox 838 1569 946 1594; x_wconf 89' lang='lat' dir='ltr'>suam</span> <span class='ocrx_word' id='word_1_193' title='bbox 986 1557 1188 1606; x_wconf 87' lang='lat' dir='ltr'>sphaeram</span> <span class='ocrx_word' id='word_1_194' title='bbox 1221 1557 1351 1594; x_wconf 87' lang='lat' dir='ltr'>stellae</span> <span class='ocrx_word' id='word_1_195' title='bbox 1390 1558 1485 1594; x_wconf 88' lang='lat' dir='ltr'>iner-</span> <span class='ocrx_word' id='word_1_196' title='bbox 1505 1568 1539 1593; x_wconf 84' lang='lat'>55</span> 
     </span>
     <span class='ocr_line' id='line_1_23' title="bbox 86 1621 1487 1660; baseline -0.001 -1"><span class='ocrx_word' id='word_1_197' title='bbox 86 1628 213 1659; x_wconf 90' lang='lat' dir='ltr'>rantes</span> <span class='ocrx_word' id='word_1_198' title='bbox 242 1623 290 1660; x_wconf 89' lang='lat' dir='ltr'>ab</span> <span class='ocrx_word' id='word_1_199' title='bbox 319 1622 488 1659; x_wconf 87' lang='lat' dir='ltr'>aetheria</span> <span class='ocrx_word' id='word_1_200' title='bbox 521 1622 796 1659; x_wconf 89' lang='lat' dir='ltr'>coniunctione</span> <span class='ocrx_word' id='word_1_201' title='bbox 828 1627 1018 1658; x_wconf 86' lang='lat' dir='ltr'>secretam</span> <span class='ocrx_word' id='word_1_202' title='bbox 1049 1628 1086 1658; x_wconf 91' lang='lat' dir='ltr'>et</span> <span class='ocrx_word' id='word_1_203' title='bbox 1117 1621 1287 1658; x_wconf 88' lang='lat' dir='ltr'>liberam.</span> <span class='ocrx_word' id='word_1_204' title='bbox 1346 1622 1487 1658; x_wconf 86' lang='lat' dir='ltr'>Earum</span> 
     </span>
     <span class='ocr_line' id='line_1_24' title="bbox 89 1685 1489 1734; baseline -0.001 -11"><span class='ocrx_word' id='word_1_205' title='bbox 89 1693 218 1723; x_wconf 89' lang='lat' dir='ltr'>autem</span> <span class='ocrx_word' id='word_1_206' title='bbox 239 1698 428 1734; x_wconf 90' lang='lat' dir='ltr'>perennes</span> <span class='ocrx_word' id='word_1_207' title='bbox 448 1699 579 1724; x_wconf 90' lang='lat' dir='ltr'>cursus</span> <span class='ocrx_word' id='word_1_208' title='bbox 609 1693 723 1734; x_wconf 90' lang='lat' dir='ltr'>atque</span> <span class='ocrx_word' id='word_1_209' title='bbox 753 1685 930 1734; x_wconf 89' lang='lat' dir='ltr'>perpetui</span> <span class='ocrx_word' id='word_1_210' title='bbox 961 1697 1050 1722; x_wconf 88' lang='lat' dir='ltr'>curn</span> <span class='ocrx_word' id='word_1_211' title='bbox 1081 1685 1295 1722; x_wconf 87' lang='lat' dir='ltr'>admirabili</span> <span class='ocrx_word' id='word_1_212' title='bbox 1326 1685 1489 1722; x_wconf 90' lang='lat' dir='ltr'>incredi-</span> 
     </span>
     <span class='ocr_line' id='line_1_25' title="bbox 88 1749 1488 1798; baseline -0.001 -11"><span class='ocrx_word' id='word_1_213' title='bbox 88 1750 230 1798; x_wconf 90' lang='lat' dir='ltr'>bilique</span> <span class='ocrx_word' id='word_1_214' title='bbox 252 1751 467 1787; x_wconf 89' lang='lat' dir='ltr'>constantia</span> <span class='ocrx_word' id='word_1_215' title='bbox 486 1750 683 1787; x_wconf 88' lang='lat' dir='ltr'>declarant</span> <span class='ocrx_word' id='word_1_216' title='bbox 703 1750 742 1787; x_wconf 88' lang='lat' dir='ltr'>in</span> <span class='ocrx_word' id='word_1_217' title='bbox 763 1750 820 1787; x_wconf 89' lang='lat' dir='ltr'>his</span> <span class='ocrx_word' id='word_1_218' title='bbox 840 1750 915 1786; x_wconf 88' lang='lat' dir='ltr'>vim</span> <span class='ocrx_word' id='word_1_219' title='bbox 941 1755 980 1786; x_wconf 91' lang='lat' dir='ltr'>et</span> <span class='ocrx_word' id='word_1_220' title='bbox 1009 1755 1181 1786; x_wconf 91' lang='lat' dir='ltr'>mentem</span> <span class='ocrx_word' id='word_1_221' title='bbox 1202 1762 1284 1786; x_wconf 87' lang='lat' dir='ltr'>esse</span> <span class='ocrx_word' id='word_1_222' title='bbox 1306 1749 1488 1795; x_wconf 87' lang='lat' dir='ltr'>divinam,</span> 
     </span>
    </p>

    <p class='ocr_par' dir='ltr' id='par_1_7' title="bbox 40 1813 1560 2119">
     <span class='ocr_line' id='line_1_26' title="bbox 40 1813 1488 1862; baseline 0.001 -13"><span class='ocrx_word' id='word_1_223' title='bbox 40 1832 71 1855; x_wconf 89' lang='lat'>25</span> <span class='ocrx_word' id='word_1_224' title='bbox 89 1820 142 1859; x_wconf 86' lang='lat' dir='ltr'>ut,</span> <span class='ocrx_word' id='word_1_225' title='bbox 164 1814 259 1850; x_wconf 88' lang='lat' dir='ltr'>haec</span> <span class='ocrx_word' id='word_1_226' title='bbox 280 1814 363 1862; x_wconf 85' lang='lat' dir='ltr'>ipsa</span> <span class='ocrx_word' id='word_1_227' title='bbox 382 1815 447 1862; x_wconf 89' lang='lat' dir='ltr'>qui</span> <span class='ocrx_word' id='word_1_228' title='bbox 476 1826 554 1851; x_wconf 91' lang='lat' dir='ltr'>non</span> <span class='ocrx_word' id='word_1_229' title='bbox 587 1815 725 1851; x_wconf 89' lang='lat' dir='ltr'>sentiat</span> <span class='ocrx_word' id='word_1_230' title='bbox 757 1814 918 1851; x_wconf 89' lang='lat' dir='ltr'>deorum</span> <span class='ocrx_word' id='word_1_231' title='bbox 938 1814 1016 1850; x_wconf 89' lang='lat' dir='ltr'>vim</span> <span class='ocrx_word' id='word_1_232' title='bbox 1047 1813 1201 1859; x_wconf 88' lang='lat' dir='ltr'>habere,</span> <span class='ocrx_word' id='word_1_233' title='bbox 1223 1814 1253 1851; x_wconf 91' lang='lat' dir='ltr'>is</span> <span class='ocrx_word' id='word_1_234' title='bbox 1283 1813 1376 1850; x_wconf 89' lang='lat' dir='ltr'>nihil</span> <span class='ocrx_word' id='word_1_235' title='bbox 1406 1826 1488 1850; x_wconf 86' lang='lat' dir='ltr'>om-</span> 
     </span>
     <span class='ocr_line' id='line_1_27' title="bbox 89 1878 1541 1926; baseline 0 -11"><span class='ocrx_word' id='word_1_236' title='bbox 89 1878 182 1915; x_wconf 89' lang='lat' dir='ltr'>nino</span> <span class='ocrx_word' id='word_1_237' title='bbox 201 1890 379 1915; x_wconf 89' lang='lat' dir='ltr'>sensurus</span> <span class='ocrx_word' id='word_1_238' title='bbox 400 1891 484 1915; x_wconf 86' lang='lat' dir='ltr'>esse</span> <span class='ocrx_word' id='word_1_239' title='bbox 504 1878 689 1915; x_wconf 88' lang='lat' dir='ltr'>videatur.</span> <span class='ocrx_word' id='word_1_240' title='bbox 748 1878 863 1915; x_wconf 87' lang='lat' dir='ltr'>Nulla</span> <span class='ocrx_word' id='word_1_241' title='bbox 883 1878 995 1926; x_wconf 85' lang='lat' dir='ltr'>igitur</span> <span class='ocrx_word' id='word_1_242' title='bbox 1024 1878 1063 1915; x_wconf 91' lang='lat' dir='ltr'>in</span> <span class='ocrx_word' id='word_1_243' title='bbox 1093 1878 1201 1915; x_wconf 88' lang='lat' dir='ltr'>caelo</span> <span class='ocrx_word' id='word_1_244' title='bbox 1234 1890 1309 1915; x_wconf 88' lang='lat' dir='ltr'>nec</span> <span class='ocrx_word' id='word_1_245' title='bbox 1340 1879 1490 1915; x_wconf 87' lang='lat' dir='ltr'>fortuna</span> <span class='ocrx_word' id='word_1_246' title='bbox 1507 1892 1541 1917; x_wconf 82' lang='lat'>56</span> 
     </span>
     <span class='ocr_line' id='line_1_28' title="bbox 89 1942 1490 1990; baseline 0.001 -12"><span class='ocrx_word' id='word_1_247' title='bbox 89 1954 163 1979; x_wconf 91' lang='lat' dir='ltr'>nec</span> <span class='ocrx_word' id='word_1_248' title='bbox 195 1943 387 1980; x_wconf 82' lang='lat' dir='ltr'>temeritas</span> <span class='ocrx_word' id='word_1_249' title='bbox 421 1955 496 1980; x_wconf 91' lang='lat' dir='ltr'>nec</span> <span class='ocrx_word' id='word_1_250' title='bbox 528 1943 665 1980; x_wconf 88' lang='lat' dir='ltr'>erratio</span> <span class='ocrx_word' id='word_1_251' title='bbox 697 1955 772 1979; x_wconf 90' lang='lat' dir='ltr'>nec</span> <span class='ocrx_word' id='word_1_252' title='bbox 805 1943 951 1979; x_wconf 89' lang='lat' dir='ltr'>vanitas</span> <span class='ocrx_word' id='word_1_253' title='bbox 990 1942 1089 1979; x_wconf 91' lang='lat' dir='ltr'>inest</span> <span class='ocrx_word' id='word_1_254' title='bbox 1119 1949 1331 1990; x_wconf 88' lang='lat' dir='ltr'>contraque</span> <span class='ocrx_word' id='word_1_255' title='bbox 1365 1943 1490 1979; x_wconf 89' lang='lat' dir='ltr'>omnis</span> 
     </span>
     <span class='ocr_line' id='line_1_29' title="bbox 90 2005 1560 2055; baseline 0 -12"><span class='ocrx_word' id='word_1_256' title='bbox 90 2005 200 2052; x_wconf 88' lang='lat' dir='ltr'>ordo,</span> <span class='ocrx_word' id='word_1_257' title='bbox 220 2007 368 2052; x_wconf 86' lang='lat' dir='ltr'>veritas,</span> <span class='ocrx_word' id='word_1_258' title='bbox 389 2007 496 2052; x_wconf 88' lang='lat' dir='ltr'>ratio,</span> <span class='ocrx_word' id='word_1_259' title='bbox 519 2007 759 2053; x_wconf 88' lang='lat' dir='ltr'>constantia;</span> <span class='ocrx_word' id='word_1_260' title='bbox 789 2019 968 2055; x_wconf 87' lang='lat' dir='ltr'>quaeque</span> <span class='ocrx_word' id='word_1_261' title='bbox 997 2007 1055 2043; x_wconf 89' lang='lat' dir='ltr'>his</span> <span class='ocrx_word' id='word_1_262' title='bbox 1074 2013 1213 2043; x_wconf 89' lang='lat' dir='ltr'>vacant</span> <span class='ocrx_word' id='word_1_263' title='bbox 1242 2007 1425 2043; x_wconf 88' lang='lat' dir='ltr'>ementita</span> <span class='ocrx_word' id='word_1_264' title='bbox 1454 2013 1491 2043; x_wconf 95' lang='lat' dir='ltr'>et</span> <span class='ocrx_word' id='word_1_265' title='bbox 1523 2027 1560 2035; x_wconf 50' lang='grc' dir='ltr'>-ι</span> 
     </span>
     <span class='ocr_line' id='line_1_30' title="bbox 91 2070 1490 2119; baseline 0.001 -13"><span class='ocrx_word' id='word_1_266' title='bbox 91 2070 183 2107; x_wconf 86' lang='lat' dir='ltr'>falsa</span> <span class='ocrx_word' id='word_1_267' title='bbox 219 2070 410 2119; x_wconf 91' lang='lat' dir='ltr'>plenaque</span> <span class='ocrx_word' id='word_1_268' title='bbox 453 2071 599 2116; x_wconf 89' lang='lat' dir='ltr'>erroris,</span> <span class='ocrx_word' id='word_1_269' title='bbox 639 2082 685 2107; x_wconf 88' lang='lat' dir='ltr'>ea</span> <span class='ocrx_word' id='word_1_270' title='bbox 731 2071 877 2107; x_wconf 89' lang='lat' dir='ltr'>circum</span> <span class='ocrx_word' id='word_1_271' title='bbox 919 2078 1038 2108; x_wconf 87' lang='lat' dir='ltr'>terras</span> <span class='ocrx_word' id='word_1_272' title='bbox 1075 2071 1172 2107; x_wconf 88' lang='lat' dir='ltr'>infra</span> <span class='ocrx_word' id='word_1_273' title='bbox 1208 2070 1351 2116; x_wconf 85' lang='lat' dir='ltr'>lunam,</span> <span class='ocrx_word' id='word_1_274' title='bbox 1391 2082 1490 2118; x_wconf 91' lang='lat' dir='ltr'>quae</span> 
     </span>
    </p>

    <p class='ocr_par' dir='ltr' id='par_1_8' title="bbox 41 2134 1543 2441">
     <span class='ocr_line' id='line_1_31' title="bbox 41 2134 1492 2183; baseline -0.002 -9"><span class='ocrx_word' id='word_1_275' title='bbox 41 2151 75 2174; x_wconf 85' lang='lat'>30</span> <span class='ocrx_word' id='word_1_276' title='bbox 91 2134 267 2172; x_wconf 88' lang='lat' dir='ltr'>omnium</span> <span class='ocrx_word' id='word_1_277' title='bbox 295 2135 428 2172; x_wconf 90' lang='lat' dir='ltr'>ultima</span> <span class='ocrx_word' id='word_1_278' title='bbox 457 2142 526 2180; x_wconf 90' lang='lat' dir='ltr'>est,</span> <span class='ocrx_word' id='word_1_279' title='bbox 558 2135 596 2172; x_wconf 93' lang='lat' dir='ltr'>in</span> <span class='ocrx_word' id='word_1_280' title='bbox 634 2135 819 2183; x_wconf 88' lang='lat' dir='ltr'>terrisque</span> <span class='ocrx_word' id='word_1_281' title='bbox 849 2141 1059 2173; x_wconf 86' lang='lat' dir='ltr'>versantur.</span> <span class='ocrx_word' id='word_1_282' title='bbox 1128 2135 1363 2172; x_wconf 86' lang='lat' dir='ltr'>Caelestium</span> <span class='ocrx_word' id='word_1_283' title='bbox 1401 2147 1492 2183; x_wconf 85' lang='lat' dir='ltr'>ergo</span> 
     </span>
     <span class='ocr_line' id='line_1_32' title="bbox 92 2198 1491 2247; baseline -0.001 -11"><span class='ocrx_word' id='word_1_284' title='bbox 92 2198 356 2236; x_wconf 89' lang='lat' dir='ltr'>admirabilem</span> <span class='ocrx_word' id='word_1_285' title='bbox 377 2199 555 2236; x_wconf 90' lang='lat' dir='ltr'>ordinem</span> <span class='ocrx_word' id='word_1_286' title='bbox 574 2199 920 2247; x_wconf 87' lang='lat' dir='ltr'>incredibilemque</span> <span class='ocrx_word' id='word_1_287' title='bbox 943 2199 1212 2245; x_wconf 88' lang='lat' dir='ltr'>constantiam,</span> <span class='ocrx_word' id='word_1_288' title='bbox 1235 2211 1282 2236; x_wconf 88' lang='lat' dir='ltr'>ex</span> <span class='ocrx_word' id='word_1_289' title='bbox 1302 2211 1378 2247; x_wconf 89' lang='lat' dir='ltr'>qua</span> <span class='ocrx_word' id='word_1_290' title='bbox 1398 2211 1491 2236; x_wconf 91' lang='lat' dir='ltr'>con-</span> 
     </span>
     <span class='ocr_line' id='line_1_33' title="bbox 93 2263 1490 2312; baseline 0.001 -13"><span class='ocrx_word' id='word_1_291' title='bbox 93 2263 254 2299; x_wconf 90' lang='lat' dir='ltr'>servatio</span> <span class='ocrx_word' id='word_1_292' title='bbox 275 2269 313 2299; x_wconf 88' lang='lat' dir='ltr'>et</span> <span class='ocrx_word' id='word_1_293' title='bbox 333 2263 432 2300; x_wconf 88' lang='lat' dir='ltr'>salus</span> <span class='ocrx_word' id='word_1_294' title='bbox 452 2264 626 2300; x_wconf 89' lang='lat' dir='ltr'>omniurn</span> <span class='ocrx_word' id='word_1_295' title='bbox 655 2264 780 2300; x_wconf 92' lang='lat' dir='ltr'>omnis</span> <span class='ocrx_word' id='word_1_296' title='bbox 809 2264 938 2309; x_wconf 91' lang='lat' dir='ltr'>oritur,</span> <span class='ocrx_word' id='word_1_297' title='bbox 959 2263 1026 2311; x_wconf 92' lang='lat' dir='ltr'>qui</span> <span class='ocrx_word' id='word_1_298' title='bbox 1045 2275 1181 2300; x_wconf 89' lang='lat' dir='ltr'>vacare</span> <span class='ocrx_word' id='word_1_299' title='bbox 1211 2270 1341 2301; x_wconf 89' lang='lat' dir='ltr'>mente</span> <span class='ocrx_word' id='word_1_300' title='bbox 1371 2270 1490 2312; x_wconf 90' lang='lat' dir='ltr'>putat,</span> 
     </span>
     <span class='ocr_line' id='line_1_34' title="bbox 93 2326 1543 2376; baseline 0.003 -14"><span class='ocrx_word' id='word_1_301' title='bbox 93 2326 123 2362; x_wconf 90' lang='lat' dir='ltr'>is</span> <span class='ocrx_word' id='word_1_302' title='bbox 156 2326 238 2374; x_wconf 90' lang='lat' dir='ltr'>ipse</span> <span class='ocrx_word' id='word_1_303' title='bbox 271 2327 410 2363; x_wconf 89' lang='lat' dir='ltr'>mentis</span> <span class='ocrx_word' id='word_1_304' title='bbox 443 2339 580 2375; x_wconf 88' lang='lat' dir='ltr'>expers</span> <span class='ocrx_word' id='word_1_305' title='bbox 614 2327 816 2364; x_wconf 88' lang='lat' dir='ltr'>habendus</span> <span class='ocrx_word' id='word_1_306' title='bbox 856 2334 923 2364; x_wconf 89' lang='lat' dir='ltr'>est.</span> <span class='ocrx_word' id='word_1_307' title='bbox 984 2327 1105 2365; x_wconf 88' lang='lat' dir='ltr'>Haud</span> <span class='ocrx_word' id='word_1_308' title='bbox 1136 2340 1239 2376; x_wconf 85' lang='lat' dir='ltr'>ergo,</span> <span class='ocrx_word' id='word_1_309' title='bbox 1270 2335 1311 2365; x_wconf 91' lang='lat' dir='ltr'>ut</span> <span class='ocrx_word' id='word_1_310' title='bbox 1342 2329 1490 2376; x_wconf 91' lang='lat' dir='ltr'>opinor,</span> <span class='ocrx_word' id='word_1_311' title='bbox 1510 2341 1543 2368; x_wconf 83' lang='lat'>57</span> 
     </span>
     <span class='ocr_line' id='line_1_35' title="bbox 94 2390 1492 2441; baseline 0.002 -15"><span class='ocrx_word' id='word_1_312' title='bbox 94 2401 279 2435; x_wconf 89' lang='lat' dir='ltr'>erravero,</span> <span class='ocrx_word' id='word_1_313' title='bbox 300 2390 331 2427; x_wconf 87' lang='lat' dir='ltr'>si</span> <span class='ocrx_word' id='word_1_314' title='bbox 350 2402 374 2426; x_wconf 91' lang='lat' dir='ltr'>a</span> <span class='ocrx_word' id='word_1_315' title='bbox 392 2391 566 2440; x_wconf 91' lang='lat' dir='ltr'>principe</span> <span class='ocrx_word' id='word_1_316' title='bbox 586 2391 875 2440; x_wconf 89' lang='lat' dir='ltr'>investigandae</span> <span class='ocrx_word' id='word_1_317' title='bbox 895 2392 1063 2429; x_wconf 87' lang='lat' dir='ltr'>veritatis</span> <span class='ocrx_word' id='word_1_318' title='bbox 1093 2391 1203 2429; x_wconf 89' lang='lat' dir='ltr'>huius</span> <span class='ocrx_word' id='word_1_319' title='bbox 1224 2391 1492 2441; x_wconf 87' lang='lat' dir='ltr'>disputationis</span> 
     </span>
    </p>

    <p class='ocr_par' dir='ltr' id='par_1_9' title="bbox 46 2453 505 2503">
     <span class='ocr_line' id='line_1_36' title="bbox 46 2453 505 2503; baseline 0 -11"><span class='ocrx_word' id='word_1_320' title='bbox 46 2467 76 2492; x_wconf 87' lang='lat'>35</span> <span class='ocrx_word' id='word_1_321' title='bbox 94 2453 327 2503; x_wconf 87' lang='lat' dir='ltr'>principium</span> <span class='ocrx_word' id='word_1_322' title='bbox 346 2453 505 2492; x_wconf 86' lang='lat' dir='ltr'>duxero.</span> 
     </span>
    </p>
   </div>
  </div>
 </body>
</html>
