1714 2807
140 137 219 178 106
569 146 634 177 DE
663 146 854 178 NATURA
885 145 1095 178 DEORUM.

135 260 278 285 casune
313 249 395 296 ipse
433 248 482 284 sit
515 247 674 284 effectus
708 254 772 284 aut
805 247 1034 284 necessitate
1066 248 1191 296 aliqua
1223 260 1271 285 an
1305 249 1451 285 ratione
1483 260 1530 286 ac

134 321 263 350 mente
284 312 425 357 divina,
446 319 484 348 et
505 310 778 348 Archimedem
797 311 1022 348 arbitrantur
1042 312 1124 359 plus
1144 311 1302 348 valuisse
1324 313 1362 348 in
1382 313 1529 349 imitan-

77 387 112 391 ““
134 377 193 414 dis
213 376 399 425 sphaerae
421 375 736 412 conversionibus
757 387 871 422 quam
902 382 1074 411 naturam
1106 376 1143 412 in
1173 375 1398 421 efficiendis,
1421 388 1528 424 prae-

135 442 263 478 sertim
284 452 373 477 cum
394 440 520 476 multis
542 439 710 488 partibus
731 439 805 475 sint
826 439 886 475 illa
907 439 1077 487 perfecta
1097 452 1211 487 quam
1233 440 1328 476 haec
1358 440 1530 477 simulata

84 514 118 539 89
135 506 332 543 sollertius.
391 504 507 552 Atqui
529 504 588 540 ille
609 502 713 551 apud
735 503 896 539 Accium
918 511 1058 551 pastor,
1080 504 1143 552 qui
1165 516 1301 540 navem
1322 516 1531 552 numquam

135 578 223 606 ante
243 569 412 614 vidisset,
435 575 476 605 ut
496 567 630 616 procul
651 567 823 604 divinum
850 574 887 604 et
917 579 1058 604 novum
1089 568 1305 604 vehiculum
1335 570 1529 616 Argonau-

135 642 256 671 tarum
286 645 307 670 e
339 640 471 670 monte
501 631 716 680 conspexit,
748 631 871 680 primo
900 631 1094 668 admirans
1123 638 1160 669 et
1198 633 1417 680 perterritus
1456 632 1531 669 hoc

135 697 255 735 modo
274 698 463 746 loquitur:

847 750 1003 786 Tanta
1039 749 1188 786 moles
1226 750 1409 787 lzibitur

190 813 520 852 Fremibunda
566 825 621 851 ex
662 813 762 851 alto
806 813 993 862 ingenti
1036 815 1197 851 sonitu
1245 821 1290 851 et
1337 814 1530 863 spiritu.

190 881 304 916 Prae
342 891 390 916 se
429 878 582 916 undas
619 878 791 924 volvit,
822 878 1037 915 vertices
1075 878 1117 915 vi
1156 879 1383 924 suscitat,

190 945 304 981 Ruit
342 943 591 992 prolapsa,
627 943 830 991 pelagus
867 945 1131 990 respergit,
1165 943 1329 980 reflat.

189 1009 263 1045 Ita
300 1007 408 1044 dum
448 1009 772 1055 interruptum
811 1006 986 1044 credas
1024 1007 1235 1044 nimbum
1273 1007 1478 1054 volvier,

190 1073 309 1109 Dum
348 1071 477 1120 quOd
516 1071 720 1108 sublime
759 1071 919 1108 ventis
957 1071 1211 1119 expulsum
1249 1072 1351 1120 rapi

190 1137 361 1174 Saxum
399 1138 478 1173 aut
515 1135 767 1184 procellis,
799 1135 874 1172 vel
911 1135 1141 1184 globosos
1179 1136 1399 1173 turbines

191 1202 415 1238 Existere
454 1200 578 1237 ictos
617 1199 761 1236 undis
799 1200 1230 1245 concursAntibus,

191 1266 294 1302 Nisi
333 1267 450 1313 quas
488 1264 737 1301 terrestris
775 1266 953 1312 pomus
991 1271 1178 1312 strages
1215 1265 1434 1312 ebnciet,

190 1331 280 1366 Aut
320 1329 444 1366 f6rte
482 1329 653 1366 Triton
691 1328 881 1365 fuscina
919 1330 1143 1365 evertens
1180 1340 1356 1376 specus
1388 1372 1391 1375 ,

191 1394 366 1431 Subter
403 1393 595 1430 radices
633 1392 830 1441 penitus
868 1391 1073 1429 undanti
1112 1394 1157 1429 in
1196 1393 1321 1430 freto

192 1458 369 1495 Molem
407 1459 462 1495 ex
499 1456 742 1506 profundo
780 1458 972 1493 saxeam
1009 1455 1066 1493 ad
1111 1457 1298 1494 caelum
1336 1458 1480 1495 eruit.

138 1568 300 1605 Dubitat
325 1567 461 1616 primo,
483 1578 582 1614 quae
607 1567 654 1603 sit
674 1578 720 1603 ea
739 1571 885 1611 natura,
907 1577 1024 1614 quam
1055 1566 1176 1603 cernit
1205 1565 1388 1615 ignotam,
1409 1565 1531 1603 idem-

138 1644 212 1680 que
234 1632 434 1668 iuvenibus
454 1631 542 1667 visis
562 1630 772 1679 auditoque
794 1630 949 1667 nautico
970 1637 1085 1667 cantu
1103 1644 1110 1667 :

150 1740 328 1787 †Sicut
366 1739 506 1776 inciti
546 1746 686 1786 atque
726 1739 913 1775 alacres
952 1738 1126 1775 rostris
1163 1739 1464 1787 perfremunt

195 1804 430 1852 Delphini
465 1806 486 1851 †
523 1804 637 1839 item
676 1804 771 1839 alia
808 1803 955 1839 multa
993 1803 1175 1840 Silvani
1215 1804 1339 1841 melo

193 1868 508 1906 Consimilem
547 1867 602 1904 ad
641 1879 779 1904 aures
818 1869 1013 1903 cantum
1047 1873 1084 1904 et
1115 1867 1330 1904 auditum
1364 1868 1534 1905 refert.

89 1986 121 2011 90
141 1978 244 2025 Ergo
264 1984 306 2014 ut
326 1977 388 2014 hic
408 1977 534 2025 primo
550 1984 709 2024 aspectu
731 1976 942 2012 inanimum
958 1976 1145 2024 quiddam
1166 1988 1357 2024 sensuque
1370 1989 1535 2014 vacuum

139 2054 179 2078 se
200 2049 308 2090 putat
329 2053 497 2086 cernere,
518 2048 605 2089 post
632 2048 762 2076 autem
791 2041 906 2088 signis
937 2041 1171 2085 certioribus,
1193 2041 1304 2088 quale
1335 2041 1382 2077 sit
1412 2041 1464 2086 id,
1485 2041 1535 2078 de

139 2118 217 2153 quo
249 2105 498 2150 dubitaverat,
523 2105 657 2152 incipit
687 2105 883 2152 suspicari,
914 2105 968 2140 sic
999 2104 1219 2152 philosophi
1250 2104 1478 2151 debuerunt,
1506 2105 1536 2142 si

139 2170 234 2206 sorte
269 2181 335 2206 eos
374 2169 519 2216 primus
549 2175 728 2216 aspectus
763 2168 898 2204 mundi
932 2169 1236 2213 conturbaverat,
1267 2176 1415 2216 postea,
1446 2181 1535 2206 cum

138 2233 322 2270 vidissent
343 2240 469 2269 motus
490 2233 571 2268 eius
592 2232 720 2268 finitos
741 2239 778 2268 et
799 2232 1019 2279 aequabiles
1039 2233 1247 2280 omniaque
1277 2233 1364 2269 ratis
1393 2233 1534 2269 ordini-

139 2298 210 2335 bus
243 2296 443 2333 moderata
472 2296 762 2343 inmutabilique
799 2297 1024 2341 constantia,
1060 2296 1279 2344 intellegere
1314 2297 1438 2334 inesse
1472 2298 1534 2334 ali—

140 2374 257 2410 quem
277 2373 356 2397 non
376 2361 500 2397 solum
520 2360 775 2397 habitatorem
808 2361 845 2397 in
877 2359 949 2396 hac
982 2360 1136 2397 caelesti
1167 2373 1212 2397 ac
1244 2361 1373 2397 divina
1403 2361 1536 2407 domo,

139 2425 208 2462 sed
235 2426 350 2462 etiam
379 2431 570 2462 rectorem
601 2431 638 2461 et
669 2424 953 2461 moderatorem
985 2431 1022 2461 et
1054 2431 1250 2472 tamquam
1284 2425 1537 2463 architectum

1557 517 1572 542 ⁵

1551 827 1582 843 10

1553 1145 1583 1170 ¹⁵

1553 1884 1585 1908 25

1556 2249 1588 2272 30
