1681 2752
443 166 580 196 L113.1.
625 165 874 196 cmvm-x.
922 164 1095 205 §§18-24-
1415 168 1468 208 39

74 273 194 304 erant.
252 267 386 305 Saecla
417 278 519 303 nunc
558 266 648 303 dico
686 278 765 303 non
805 278 862 311 ea,
893 277 992 314 quae
1027 266 1177 303 dierum
1216 267 1467 315 noctiumque

73 342 235 367 numero
264 331 397 367 annuis
426 330 598 367 cursibus
625 330 906 375 conficiuntur;
937 342 1027 366 nam
1049 331 1170 367 fateor
1190 342 1234 367 ea
1255 331 1335 367 sine
1358 344 1466 368 mun-

73 394 111 430 di
134 395 384 431 conversione
406 394 504 431 effici
526 406 605 430 non
627 394 796 442 potuisse
815 408 824 439 3
855 394 923 430 sed
945 394 1011 430 fuit
1033 394 1226 442 quaedam
1249 396 1297 431 ab
1319 396 1466 432 infinito

73 465 247 506 tempore
269 458 483 503 aeternitas,
505 470 621 506 quam
643 458 744 494 nulla
764 459 1070 506 circumscriptio
1093 467 1311 506 temporum
1334 461 1465 496 metic-

30 535 44 558 5
71 523 205 568 batur3
235 523 358 570 spatio
388 529 517 558 tamen
547 523 668 570 qualis
698 534 744 558 ea
768 523 889 567 fuerit,
913 522 1078 570 intellegi
1099 536 1176 559 non
1198 531 1336 571 potest,
1359 525 1466 572 quod

71 599 119 623 ne
158 587 196 623 in
235 587 509 634 cogitationem
544 586 703 634 quidem
733 586 849 632 cadit,
880 593 920 623 ut
960 587 1069 623 suerit
1107 595 1261 636 tempus
1295 589 1464 636 aliquod,

69 651 214 688 nullum
249 663 339 687 cum
372 657 524 698 tempus
564 657 675 687 esset.
734 651 814 687 Isto
854 651 966 699 igitur
998 657 1077 688 tam
1130 651 1306 689 inmenso
1341 654 1489 701 spatio·

69 727 224 763 quaero,
247 715 377 760 Balbe,
400 727 467 751 cur
488 716 662 751 Pronoea
682 722 806 751 vestra
832 716 1049 752 cessaverit.
1108 716 1350 753 Laboremne
1371 717 1465 765 sugi-

69 780 185 817 ebat?
239 782 289 817 At
318 780 387 816 iste
422 791 496 816 nec
527 779 677 827 attingit
709 778 827 816 deum
861 791 935 816 nec
970 786 1050 816 erat
1078 780 1187 825 ullus,
1209 793 1299 817 cum
1329 793 1465 818 omnes

22 859 52 875 ιο
70 852 225 881 naturae
255 844 403 881 numini
433 843 577 888 divino,
608 844 771 888 caelum,
803 844 922 892 ignes,
953 850 1087 890 terrae,
1117 845 1247 890 maria,
1275 853 1463 893 parerent.

70 909 176 956 Quid
206 916 335 945 autem
365 915 455 953 erat,
477 907 585 956 quod
615 908 910 956 concupisceret
940 908 1036 945 deus
1067 908 1258 946 mundum
1288 910 1402 957 signis
1427 916 1465 946 et

68 973 273 1010 luminibus
307 979 505 1020 tamquam
538 971 671 1008 aedilis
706 973 870 1008 ornare?
925 972 974 1017 Si,
1010 978 1051 1008 ut
1084 972 1180 1009 deus
1214 973 1294 1021 ipse
1330 974 1464 1010 melius

69 1037 267 1082 habitaret,
289 1044 402 1073 antea
421 1036 601 1073 videlicet
630 1043 806 1084 tempore
837 1036 986 1073 infinito
1016 1036 1054 1072 in
1078 1037 1245 1074 tenebris
1266 1044 1463 1085 tamquam

68 1102 106 1138 in
125 1102 320 1150 gurgustio
341 1101 588 1138 habitaverat.
647 1102 737 1137 Post
766 1107 895 1137 autem
916 1101 1149 1137 varietatene
1171 1113 1259 1137 eum
1282 1101 1464 1138 delectari

19 1182 49 1206 15
67 1173 258 1214 putamus,
279 1177 356 1213 qua
375 1166 524 1202 caelum
552 1172 589 1202 et
618 1171 734 1201 terras
764 1171 966 1201 exornatas
994 1164 1198 1202 videmus?
1253 1166 1364 1213 Quae
1394 1167 1465 1203 ista

66 1236 195 1279 potest
215 1242 298 1267 esse
319 1230 526 1267 oblectatio
547 1229 651 1266 deo?
681 1241 779 1277 quae
800 1230 831 1266 si
852 1236 964 1273 esset,
981 1241 1060 1266 non
1082 1241 1128 1266 ea
1147 1237 1226 1266 tam
1247 1229 1313 1266 diu
1333 1243 1463 1268 carere

66 1295 264 1345 potuisset.
320 1296 383 1331 An
412 1294 522 1340 haec,
543 1300 585 1331 ut
604 1294 681 1331 fere
703 1294 840 1339 dicitis,
863 1294 1066 1331 hominum
1096 1306 1212 1331 causa
1231 1307 1254 1330 a
1273 1294 1350 1332 deo
1371 1307 1463 1332 con·
1481 1313 1514 1338 -23

67 1358 335 1396 stitutavs'unt?
390 1358 710 1407 Sapientiumne?
766 1359 928 1406 Propter
955 1370 1103 1406 paucos
1133 1359 1245 1406 igitur
1272 1365 1379 1395 tanta
1407 1366 1464 1396 est

58 1423 168 1474 ,facta
194 1435 321 1460 rerum
353 1423 512 1460 molitio.
569 1424 630 1460 An
668 1423 900 1460 stultorum?
955 1424 1005 1459 At
1035 1423 1200 1471 primum
1241 1435 1356 1459 causa
1384 1435 1464 1460 non

16 1502 49 1519 20
67 1487 147 1533 fuit,
169 1499 237 1524 cur
259 1486 308 1524 de
347 1487 518 1535 inprobis
547 1487 647 1524 bene
678 1494 912 1533 mereretur;
944 1486 1087 1523 deinde
1109 1486 1203 1535 quid
1223 1494 1280 1523 est
1300 1487 1463 1524 adsecu-

65 1552 153 1588 tus?
181 1563 270 1588 cum
291 1563 427 1588 omnes
447 1551 550 1588 stulti
569 1551 643 1588 sint
672 1551 754 1588 sine
783 1551 903 1588 dubio
933 1551 1146 1595 miserrimi,
1168 1552 1334 1588 maxime
1356 1552 1463 1600 quod

66 1616 168 1652 stulti
209 1622 321 1663 sunt3
370 1616 545 1653 miserius
584 1616 689 1652 enim
727 1615 884 1652 stultitia
925 1614 1020 1663 quid
1062 1627 1267 1663 possumus
1305 1615 1464 1653 dicere?

66 1679 208 1716 deinde
229 1679 336 1728 quod
356 1680 409 1717 ita
430 1680 550 1716 multa
578 1686 666 1717 sunt
694 1679 947 1716 incommoda
975 1679 1014 1716 in
1033 1680 1122 1725 vita,
1143 1686 1185 1715 ut
1205 1691 1251 1715 ea
1270 1680 1462 1728 sapientes

66 1744 364 1781 commodorum
401 1744 705 1792 conpensatione
735 1744 891 1789 leniant,
913 1743 1015 1781 stulti
1038 1755 1112 1780 nec
1132 1744 1249 1780 vitare
1269 1745 1463 1781 venientia

15 1825 47 1849 25
66 1809 213 1856 possint
240 1820 315 1845 nec
348 1808 444 1845 ferre
482 1808 710 1857 praesentia.
769 1808 847 1856 Qui
874 1820 966 1845 vero
1005 1807 1196 1844 mundum
1226 1808 1352 1856 ipsum
1381 1809 1459 1845 ani-
1473 1817 1521 1852 10

67 1879 236 1909 mantem
273 1872 568 1921 sapientemque
613 1885 695 1909 esse
735 1872 924 1918 dixerunt,
963 1872 1068 1909 nullo
1113 1871 1233 1909 modo
1271 1872 1461 1918 viderunt,

66 1937 183 1974 animi
210 1944 345 1974 natura
367 1937 622 1986 intellegentis
651 1938 691 1974 in
719 1949 837 1986 quarn
865 1937 1026 1986 figuram
1055 1935 1195 1973 cadere
1224 1944 1355 1984 posset
1370 1951 1380 1983 ,-
1411 1936 1460 1974 de

65 2013 143 2049 quo
163 2001 291 2038 dicam
311 2001 495 2050 equidem
518 2001 633 2050 paulo
662 2008 750 2050 post
765 2015 775 2049 3
804 2014 908 2038 nunc
938 2007 1066 2037 autem
1097 2000 1308 2037 hactenus:
1339 2000 1460 2037 admi·
1479 2016 1512 2041 24

65 2066 177 2102 rabor
195 2077 329 2103 eorum
349 2065 579 2112 tarditatem,
600 2066 664 2114 qui
694 2066 930 2102 animantem
954 2065 1196 2102 inmortalem
1226 2071 1264 2101 et
1292 2064 1461 2102 eundem

16 2147 48 2170 30
65 2130 221 2167 beatum
249 2129 461 2167 rotundum
491 2142 574 2167 esse
603 2131 732 2176 velint,
754 2129 861 2178 quod
890 2142 937 2166 ea
955 2130 1079 2166 forma
1103 2135 1220 2177 neget
1240 2129 1356 2166 ullam
1377 2141 1460 2166 esse

65 2180 320 2241 pufchriorem
351 2195 488 2258 Plato.B
527 2196 578 2232 At
606 2194 699 2232 mihi
727 2194 788 2232 vel
816 2193 976 2244 cylindri
995 2194 1058 2231 vel
1086 2193 1263 2242 quadrati
1282 2193 1342 2230 vel
1371 2194 1460 2230 coni

64 2258 124 2294 vel
152 2258 360 2307 pyramidis
380 2259 531 2296 videtur
559 2271 643 2296 esse
664 2259 877 2296 formosior.
938 2259 1050 2306 Quae
1070 2270 1161 2295 vero
1181 2258 1258 2294 vita
1286 2258 1460 2294 tribuitur

66 2322 125 2358 isti
149 2322 316 2360 rotundo
346 2322 450 2361 deo?
505 2324 662 2372 Nempe
691 2330 732 2361 ut
762 2336 808 2360 ea
837 2323 1031 2360 celeritate
1062 2329 1375 2370 contorqueatur,
1398 2322 1458 2357 cui

65 2397 133 2434 par
152 2386 255 2423 nulla
273 2399 322 2424 ne
343 2387 500 2436 cogitari
525 2387 683 2435 quidem
711 2388 857 2436 possit;
887 2387 926 2424 in
957 2399 1032 2435 qua
1060 2399 1139 2423 non
1166 2385 1280 2422 video
1301 2386 1458 2422 ubinam

15 2471 47 2495 35
65 2462 174 2487 mens
195 2457 375 2487 constans
396 2457 435 2488 et
454 2452 530 2489 vita
547 2452 662 2490 beata
681 2452 802 2500 possit
817 2452 1002 2489 insistere.
1061 2449 1256 2497 Quodque
1274 2450 1312 2486 in
1327 2457 1458 2486 nostro

1484 664 1498 688 lo

1500 664 1516 688 ιθ
