1714 2807
148 153 226 192 114
578 151 641 182 DE
671 151 862 182 NATURA
894 150 1104 182 DEORUM.

142 260 272 290 autem
293 253 602 301 Septentrionem
624 252 806 300 Cepheus
836 252 956 300 passis
985 252 1122 300 palmis
1151 264 1174 288 a
1202 258 1308 300 tergo
1339 253 1538 301 subsequi-

142 324 225 356 tur:

251 402 468 449 Namque
508 400 661 448 ipsum
701 398 758 436 ad
796 405 980 448 tergum
1019 399 1298 448 Cynosurae
1338 399 1542 436 vertitur

1211 465 1244 500 A
1253 476 1299 500 rc
1310 463 1344 500 ti
1355 492 1363 501 .

144 521 264 558 Hunc
294 518 491 556 antecedit
1569 542 1584 565 ⁵

252 606 471 644 Obscura
508 605 673 653 specie
713 605 962 641 stellarum
1002 605 1274 653 Cassiepia.

254 671 391 706 Hanc
431 676 588 706 autem
627 669 820 705 inlustri
854 676 1073 705 versatur
1106 681 1309 716 corpore
1343 676 1543 717 propter

250 733 560 772 Andromeda
607 733 864 781 aufugiens
920 739 1170 780 aspectum
1228 741 1409 769 maesta
1460 745 1541 781 pa-

1212 798 1381 833 rentis.

251 863 379 900 Huic
402 863 563 911 Equus
591 862 672 898 ille
698 861 856 899 iubam
877 861 1102 909 quatiens
1129 861 1317 909 fulgore
1343 861 1542 898 micanti
1562 883 1594 900 ιο

251 929 487 965 Summum
527 926 771 974 contingit
811 932 955 974 caput
993 925 1118 971 alvo,
1154 925 1394 974 stellaque
1437 926 1541 962 iun-

1209 1002 1324 1039 gens

250 1058 355 1095 Una
393 1062 527 1093 tenet
565 1055 789 1103 duplices
828 1054 1070 1091 communi
1109 1055 1290 1091 lumine
1330 1055 1504 1092 formas

251 1124 510 1159 Aeternum
545 1132 599 1156 ex
632 1119 776 1155 astris
807 1119 1012 1167 cupiens
1047 1127 1310 1156 conectere
1345 1120 1541 1158 nodum.

252 1186 372 1223 Exin
413 1184 653 1221 contortis
693 1183 828 1220 Aries
867 1195 971 1220 curn
1012 1184 1241 1220 cornibus
1282 1184 1480 1231 haeret3
1562 1200 1592 1225 15

143 1297 261 1334 quem
290 1290 447 1333 propter

253 1373 437 1416 Pisces,
470 1382 670 1419 quorum
708 1370 830 1406 alter
867 1369 1059 1418 paulum
1098 1370 1400 1418 praelabitur
1432 1377 1541 1408 ante

254 1438 310 1474 Et
350 1436 497 1484 magis
537 1435 789 1471 horriferis
829 1434 1073 1482 aquilonis
1112 1435 1326 1483 tangitur
1363 1436 1511 1472 auris.

85 1518 175 1573 443

85 1563 152 1588 112.
180 1535 205 1572 d
234 1535 356 1584 pedes
387 1532 659 1571 Andromedae
693 1533 850 1569 Perseus
880 1531 1118 1578 describitur,

252 1634 403 1682 Quem
455 1644 634 1670 summa
684 1631 740 1668 ab
794 1631 993 1679 regione
1049 1631 1293 1680 aquilonis
1348 1633 1596 1670 flamina-20

1214 1697 1428 1745 pulsant.

252 1764 399 1802 Cuius
430 1768 630 1811 propter
661 1761 847 1798 laevum
879 1773 1028 1809 genus
1061 1762 1187 1798 omni
1221 1774 1274 1797 ex
1309 1769 1444 1810 parte
1474 1762 1543 1799 lo-

1217 1833 1348 1863 catas

253 1894 426 1930 Parvas
462 1891 704 1939 Vergilias
742 1891 876 1927 tenui
915 1903 1018 1927 cum
1057 1890 1164 1927 luce
1203 1890 1411 1928 videbis.

254 1957 372 1995 Inde
414 1956 557 1994 Fides
597 1957 757 2004 posita
796 1963 841 1993 et
872 1957 1047 1993 leviter
1080 1968 1298 1992 convexa
1330 1956 1594 2003 videtur.25

254 2022 373 2060 Inde
413 2028 485 2059 est
523 2021 622 2058 ales
662 2021 774 2058 Avis
813 2021 911 2058 lato
950 2021 1035 2058 sub
1073 2021 1284 2068 tegmine
1324 2022 1467 2059 caeli.

147 2111 273 2159 Capiti
303 2117 432 2146 autem
459 2110 558 2157 Equi
590 2109 765 2157 proxima
793 2115 849 2145 est
879 2107 1035 2156 Aquarii
1064 2106 1199 2144 dextra
1227 2114 1407 2155 totusque
1435 2107 1542 2145 dein-

146 2188 238 2224 ceps
268 2174 468 2223 Aquarius.

253 2263 369 2299 Tum
396 2259 609 2310 gelidum
636 2258 799 2295 valido
826 2257 883 2295 de
907 2264 1108 2306 pectore
1137 2258 1286 2306 frigus
1310 2258 1543 2295 anhelans

253 2328 469 2374 Corpore
502 2323 729 2361 semifero
761 2334 931 2370 magno
959 2322 1290 2369 Capricornus
1322 2322 1365 2358 in
1394 2323 1594 2370 orbe330

255 2392 405 2439 Quem
444 2401 547 2426 cum
586 2393 825 2436 perpetuo
863 2387 1062 2423 vestivit
1100 2386 1277 2423 lumine
1315 2387 1477 2432 Titan,

256 2454 468 2494 Brumali
505 2453 715 2490 flectens
754 2457 1049 2499 contorquet
1082 2457 1300 2498 ternpore
1334 2463 1540 2488 currum.
