1714 2807
167 174 244 223 156
596 179 657 210 DE
688 179 877 210 NATURA
910 178 1118 208 DEORUM.

159 283 266 332 quod
300 283 475 328 sentiam,
509 293 588 318 non
623 281 747 317 habeo
785 286 914 316 autem
946 278 1052 326 quod
1085 278 1151 315 tibi
1183 277 1386 316 adsentiar.
1445 278 1550 327 Nep-

159 356 295 386 tunum
317 359 399 384 esse
422 346 518 383 dicis
539 345 710 382 animum
731 356 821 380 cum
843 343 1101 390 intellegentia
1129 354 1198 390 per
1227 354 1329 379 mare
1359 342 1551 390 pertinen-

159 420 251 458 tem,
282 412 386 448 idem
417 410 466 446 (le
499 410 651 447 Cerere.
712 409 828 444 Istam
859 414 988 443 autem
1019 407 1317 454 intellegentiam
1347 412 1411 442 aut
1441 406 1552 443 maris

102 507 108 510 .
160 483 224 513 aut
254 483 373 512 terrae
404 486 482 510 non
511 472 630 509 modo
658 470 990 519 comprehemlere
1011 471 1153 514 animo,
1176 470 1243 506 sed
1266 482 1312 506 ne
1335 470 1552 517 suspicione

160 539 318 588 quidem
353 550 510 587 possum
545 537 742 584 attingere.
803 535 937 582 Itaque
972 534 1126 570 aliunde
1162 534 1253 570 mihi
1288 533 1552 581 quaerendum
1581 550 1595 573 5

161 612 228 648 est,
251 611 291 640 ut
321 610 358 639 et
385 614 468 639 esse
495 601 603 646 deos,
625 607 662 636 et
683 599 814 648 quales
835 599 909 635 sint
930 598 982 643 di,
1004 598 1153 635 discere
1173 598 1341 646 possim3
1372 598 1493 646 qualis
1513 604 1553 634 tu

161 680 228 705 eos
249 679 332 704 esse
353 667 408 703 vis
430 695 437 703 .
461 695 469 703 .
492 695 500 703 .

110 746 142 770 65
213 731 425 768 Videamus
447 741 504 774 ea,
526 740 624 777 quae
646 733 869 775 sequuntur,
891 727 1058 774 primum
1078 725 1292 763 deorumne
1313 725 1556 774 providentia

161 795 329 834 mundus
358 801 520 842 regatur,
541 791 684 829 deinde
715 791 970 828 consulantne
996 790 1035 826 di
1059 791 1172 827 rebus
1195 790 1383 826 humanis.
1443 790 1555 826 Haec

162 861 264 897 enim
294 858 387 896 mihi
417 870 464 894 ex
493 864 557 894 tua
586 856 790 904 partitione
822 861 965 891 restant
995 853 1100 899 duo;
1136 853 1185 890 de
1216 853 1367 901 quibus,
1389 853 1419 890 si
1448 853 1556 891 vobis
1576 872 1607 888 ιο

160 923 322 968 videtur,
353 921 569 959 accuratius
597 918 867 956 disserendum
897 924 1004 966 puto,
1065 917 1163 954 Mihi
1192 930 1294 963 vero,
1326 917 1447 965 inquit
1468 918 1555 954 Vel-

161 989 268 1033 leius,
289 986 399 1023 valde
424 985 600 1030 videtur;
630 996 720 1020 nam
741 990 779 1020 et
808 983 953 1019 maiora
982 989 1148 1030 expecto
1178 987 1216 1018 et
1246 981 1301 1026 iis,
1324 994 1423 1029 quae
1453 980 1558 1018 dicta

161 1059 261 1097 sunt,
281 1051 531 1087 veliementer
560 1048 767 1085 adsentior.
823 1048 924 1083 Tum
957 1046 1121 1083 Balbus:
1156 1046 1403 1094 Interpellare
1430 1052 1480 1090 te,
1502 1045 1556 1081 in—

161 1117 256 1164 quit,
273 1116 400 1159 Cotta,
422 1114 525 1159 nolo,
547 1112 616 1150 sed
637 1123 832 1149 sumemus
852 1117 1006 1159 tempus
1026 1109 1129 1147 aliud
1144 1123 1154 1156 ;
1183 1109 1349 1147 efficiam
1369 1109 1557 1158 profecto,
1604 1115 1606 1117 ’

162 1188 203 1217 ut
223 1181 376 1217 fateare.
434 1177 511 1215 Sed
534 1206 541 1214 .
564 1205 572 1213 .
596 1205 604 1214 .
1578 1189 1608 1213 ις

271 1277 587 1324 Nequaquam
626 1274 753 1310 istuc
789 1275 911 1310 istac
946 1272 1060 1318 ibit3
1093 1274 1261 1320 magna
1294 1272 1421 1308 inest
1454 1283 1556 1308 cer-

1071 1336 1205 1373 tatio.
1455 1385 1458 1387 Α

273 1406 389 1442 Nam
429 1410 478 1441 ut
517 1414 605 1451 ego
646 1401 718 1439 illi
759 1401 1089 1450 supplicarem
1131 1402 1267 1437 tanta
1309 1399 1558 1437 blandilo-

1067 1465 1302 1512 quentia?

106 1555 356 1625 &Parumne
386 1563 602 1602 ratiocinari
628 1562 778 1599 videtur
807 1568 844 1598 et
874 1562 944 1599 sibi
974 1562 1057 1610 ipsa
1086 1561 1269 1598 nefariam
1299 1567 1451 1610 pestem
1480 1573 1558 1598 ma·
1579 1582 1612 1600 20

165 1631 339 1669 chinari?
395 1628 495 1666 Illud
515 1639 606 1665 vero
626 1639 742 1675 quam
765 1625 903 1663 callida
922 1626 1068 1662 ratione
1088 1627 1095 1662 !

274 1728 367 1776 Qui
395 1726 498 1764 volt
527 1736 653 1770 esse,
675 1723 806 1772 quod
834 1723 952 1769 volt,
974 1723 1040 1760 ita
1068 1722 1150 1760 dat
1179 1724 1226 1759 se
1256 1734 1348 1768 res,
1370 1728 1418 1759 ut
1446 1733 1560 1771 ope-

1074 1789 1169 1824 rdm
1199 1786 1348 1824 dabit.

168 1890 245 1939 Qui
267 1895 323 1927 est
342 1900 473 1926 versus
493 1887 667 1924 omnium
688 1886 895 1923 seminator
916 1885 1116 1922 malorum.

277 1975 367 2024 ille
414 1993 631 2023 traversa
673 1985 833 2021 mente
878 1983 936 2019 mi
979 1981 1124 2018 hodie
1172 1981 1380 2019 tradidit
1421 1983 1611 2030 repa-25

1074 2046 1201 2094 gula,

277 2114 463 2164 Quibus
505 2124 594 2162 ego
633 2112 748 2149 iram
791 2112 979 2148 omnem
1019 2110 1265 2147 recludam
1304 2116 1448 2159 atque
1491 2110 1562 2147 illi

1078 2174 1345 2221 perniciem
1374 2173 1518 2219 dabo,

278 2242 397 2281 Mihi
435 2252 699 2286 maerores,
739 2239 810 2276 illi
857 2238 1053 2283 luctum,
1093 2238 1294 2274 exitium
1334 2238 1426 2284 illi,
1464 2238 1561 2275 exi-

1077 2301 1191 2338 lium
1222 2302 1349 2339 mihi.
1581 2327 1613 2351 30

172 2410 290 2447 Hanc
322 2407 502 2445 videlicet
538 2405 738 2451 rationem,
773 2415 889 2452 quam
922 2415 990 2440 vos
1029 2402 1160 2440 divino
1193 2403 1384 2440 beneficio
1419 2403 1564 2440 homini

119 2486 153 2513 67
171 2474 296 2511 solum
329 2472 509 2510 tributam
547 2469 686 2515 dicitis,
721 2468 866 2506 bestiae
905 2478 984 2504 non
1023 2466 1178 2504 habent.
1234 2466 1405 2503 Videsne
1440 2466 1564 2514 igitur,
