1714 2807
147 170 223 200 122
577 167 639 199 DE
669 169 859 201 NATURA
892 167 1100 201 DEORUM.

140 270 302 307 salutem
331 270 506 307 omnium
537 271 948 318 conservationemque
979 270 1250 308 admirabiliter
1269 269 1554 310 administrari?

36 364 41 371 r
82 344 130 370 133
195 334 273 371 Hic
295 341 452 382 quaeret
473 334 675 382 quispiam,
702 336 901 370 cuiusnam
932 346 1048 371 causa
1077 341 1265 371 tantarum
1297 347 1420 372 rerum
1453 348 1534 372 mo-

140 398 220 435 litio
249 398 349 434 facta
377 398 449 443 sit;
480 398 710 434 arborumne
740 405 778 434 et
809 397 1040 434 herbarum?
1069 410 1167 446 quae
1188 410 1422 446 quamquam
1454 399 1535 436 sine

139 474 253 499 sensu
283 468 383 506 sunt,
405 468 534 497 tamen
555 473 578 497 a
598 467 732 498 natura
763 462 1006 498 sustinentur.
1065 463 1114 498 At
1146 461 1184 498 id
1216 461 1375 510 quidem
1405 463 1534 499 absur-

140 525 233 562 dum
254 533 322 562 est.
380 526 440 562 An
460 525 696 561 bestiarum?
752 525 882 561 Nihilo
902 525 1135 573 probabilius
1155 525 1250 562 deos
1279 532 1468 562 mutarum
1499 533 1537 563 et
1563 545 1578 568 5

139 589 232 626 nihil
270 588 572 636 intellegentium
595 576 730 624 'causa
763 595 912 625 tantum
951 589 1153 626 laborasse.
1212 589 1387 637 Quorum
1426 590 1537 638 igitur

139 665 255 690 causa
292 653 376 700 quis
415 652 552 689 dixerit
590 652 772 688 effectum
811 664 895 689 esse
934 652 1152 690 mundum?
1208 654 1351 690 Eorum
1390 654 1537 690 scilicet

138 717 401 761 animantium,
434 727 533 764 quae
567 716 713 752 ratione
748 722 916 753 utuntur.
976 717 1029 753 Hi
1068 723 1156 753 sunt
1193 716 1233 754 di
1272 724 1309 754 et
1347 717 1535 763 homines,

137 781 277 829 quibus
299 781 473 829 profecto
494 780 586 816 nihil
615 786 672 816 est
699 780 858 825 melius;
890 780 985 817 ratio
1014 787 1072 816 est
1103 781 1219 826 enim,
1241 792 1339 828 quae
1371 788 1537 830 praestet

139 845 331 882 omnibus.
390 845 449 881 Ita
477 844 517 880 fit
546 843 729 881 credibile
750 843 912 880 deorum
945 850 983 880 et
1014 844 1214 881 hominum
1246 856 1363 881 causa
1393 845 1537 882 factum
1558 866 1588 882 ιο

79 915 128 951 54
140 921 222 946 esse
244 907 433 945 mundum
453 920 631 956 quaeque
651 908 689 944 in
710 920 758 945 eo
784 906 976 958 [mundo]
1001 909 1075 945 sint
1094 909 1234 945 omnia.
1295 908 1536 957 Faciliusque

139 973 378 1021 intellegetur
397 985 420 1009 a
439 972 498 1009 dis
524 973 786 1009 inmortalibus
817 972 1035 1009 hominibus
1065 985 1148 1009 esse
1180 973 1385 1021 provisum,
1407 973 1437 1010 si
1469 974 1538 1010 erit

138 1043 219 1074 tota
253 1037 418 1074 hominis
452 1037 648 1074 fabricatio
682 1043 886 1085 perspecta
918 1037 1122 1085 omnisque
1155 1037 1345 1074 humanae
1379 1045 1536 1074 naturae

81 1110 128 1136 1:34
140 1101 258 1148 figura
278 1107 392 1149 atque
414 1100 612 1148 perfectio.
671 1101 772 1137 Nam
794 1113 884 1137 cum
905 1101 1023 1138 tribus
1048 1101 1161 1138 rebus
1190 1102 1441 1138 animantium
1462 1102 1538 1138 vita

139 1171 323 1210 teneatur,
345 1165 447 1209 cibo,
468 1165 639 1212 potione,
667 1165 812 1212 spiritu,
842 1164 892 1201 ad
922 1165 1017 1201 haec
1047 1166 1179 1201 omnia
1210 1165 1462 1213 percipienda
1491 1177 1535 1202 os
1556 1184 1586 1208 ις

140 1235 196 1266 est
215 1228 466 1276 aptissimum,
489 1227 595 1275 quod
615 1227 806 1265 adiunctis
835 1229 989 1265 naribus
1019 1229 1150 1277 spiritu
1172 1236 1341 1277 augetur.
1401 1230 1534 1266 Denti-

140 1293 210 1330 bus
229 1300 358 1329 autem
379 1293 416 1328 in
437 1304 503 1328 ore
524 1292 752 1328 constructis
773 1292 966 1329 manditur
986 1299 1102 1340 atque
1129 1291 1199 1342 [ab
1221 1292 1284 1343 iis]
1311 1300 1537 1330 extenuatur

138 1364 176 1394 et
206 1357 356 1393 molitur
385 1357 506 1393 cibus.
566 1357 711 1392 Eorum
740 1355 888 1392 adversi
920 1357 1022 1393 acuti
1055 1369 1183 1394 morsu
1208 1357 1395 1394 dividunt·
1415 1369 1535 1402 escas,

138 1421 262 1458 intimi
291 1428 420 1457 autem
451 1420 674 1465 conficiunt,
705 1420 771 1468 qui
801 1420 956 1468 genuini
983 1428 1179 1466 vocantur,
1210 1433 1310 1469 quae
1342 1421 1536 1458 confectio

81 1494 129 1520 135
141 1486 255 1521 etiam
286 1496 309 1520 a
338 1485 466 1532 lingua
497 1484 666 1520 adiuvari
697 1484 858 1520 videtur.
918 1485 1105 1533 Linguam
1139 1492 1268 1522 autem
1303 1485 1354 1523 ad
1386 1485 1535 1523 radices
1554 1502 1587 1519 20

139 1549 220 1585 eius
240 1548 400 1585 haerens
421 1548 563 1596 excipit
583 1548 817 1593 stomachus,
838 1560 915 1596 quo
936 1549 1100 1597 primum
1122 1550 1340 1587 inlabuntur
1359 1562 1415 1595 ea,
1436 1561 1536 1598 quae

139 1619 302 1660 accepta
321 1619 409 1649 sunt
428 1624 506 1648 ore.
566 1613 603 1648 Is
630 1619 789 1660 utraque
812 1624 859 1648 ex
879 1620 985 1660 parte
1015 1613 1156 1650 tosillas
1187 1614 1377 1662 attingens
1407 1614 1537 1663 palato

140 1682 311 1713 extremo
331 1683 446 1723 atque
467 1676 601 1712 intimo
630 1676 865 1713 terminatur.
921 1678 1048 1725 Atque
1079 1677 1108 1714 is
1139 1677 1345 1725 agitatione
1366 1685 1404 1715 et
1424 1679 1537 1715 moti·

139 1741 210 1777 bus
239 1740 388 1788 linguae
418 1752 508 1776 cum
539 1739 743 1788 depulsum
775 1747 812 1776 et
838 1741 946 1788 quasi
977 1740 1173 1778 detrusum
1207 1742 1338 1779 cibum
1371 1743 1535 1791 accepit,

140 1803 308 1852 depellit.
367 1804 490 1852 Ipsius
521 1811 650 1840 autem
680 1811 807 1852 partes
841 1816 923 1850 eae,
953 1816 1052 1853 quae
1086 1811 1174 1842 sunt
1207 1805 1300 1842 infra
1333 1817 1450 1854 quam
1483 1806 1534 1852 id,
1555 1824 1585 1849 25

139 1867 247 1916 quod
281 1867 495 1913 devoratur,
529 1867 745 1913 dilatantur,
780 1880 880 1916 quae
919 1875 1049 1906 autern
1086 1881 1211 1917 supra,
1247 1870 1534 1907 contrahuntur.

83 1940 130 1966 136
141 1931 215 1969 Sed
236 1944 325 1968 cum
346 1943 481 1979 aspera
500 1932 635 1968 arteria
661 1932 735 1981 (sic
758 1933 862 1969 enim
890 1944 913 1969 a
941 1932 1103 1970 medicis
1134 1933 1367 1982 appellatur)
1394 1935 1535 1972 ostium

141 1996 279 2032 habeat
316 1995 542 2032 adiunctum
580 1996 730 2044 linguae
769 1996 963 2034 radicibus
1001 1997 1116 2046 paulo
1155 2009 1280 2046 supra,
1320 2011 1436 2047 quam
1484 1998 1534 2036 ad

139 2060 307 2107 linguam
328 2059 548 2096 stomachus
569 2059 796 2105 adnectitur,
819 2072 942 2108 eaque
963 2060 1012 2098 ad
1042 2062 1245 2109 pulmones
1269 2074 1389 2110 usque
1420 2063 1532 2111 perti-

140 2130 230 2160 neat
250 2123 492 2171 excipiatque
522 2124 702 2168 animam,
724 2136 809 2160 eam
831 2135 930 2172 quae
951 2124 1069 2161 ducta
1097 2132 1154 2162 est
1182 2126 1328 2174 spiritu,
1349 2126 1531 2163 eandem·
1552 2140 1584 2164 30

140 2198 215 2235 que
253 2199 276 2222 a
312 2186 558 2234 pulmonibus
597 2187 755 2235 respiret
794 2194 831 2224 et
869 2187 1018 2233 reddat,
1050 2189 1189 2237 tegitur
1221 2189 1392 2237 quodam
1426 2191 1534 2238 quasi

141 2250 336 2298 operculo,
358 2249 464 2298 quod
485 2250 536 2286 ob
557 2262 642 2286 eam
673 2263 827 2287 causam
858 2251 990 2288 datum
1021 2259 1088 2297 est,
1111 2265 1172 2298 nc,
1193 2253 1223 2290 si
1255 2253 1348 2301 quid
1381 2254 1418 2290 in
1449 2266 1534 2291 eam

140 2314 215 2351 cibi
236 2314 330 2351 forte
353 2313 560 2359 incidisset,
583 2314 733 2362 spiritus
756 2315 1014 2362 impediretur.
1073 2316 1149 2353 Sed
1178 2329 1267 2353 cum
1298 2317 1370 2353 alvi
1401 2324 1535 2355 natura

139 2378 312 2415 subiecta
330 2377 532 2414 stomacho
563 2378 637 2414 cibi
667 2385 704 2414 et
735 2379 902 2426 potionis
933 2379 979 2416 sit
1010 2381 1309 2428 receptaculum,
1330 2381 1534 2428 pulmones

139 2448 268 2478 autem
297 2448 336 2478 et
363 2453 431 2478 cor
463 2441 698 2478 extrinsecus
729 2442 901 2490 spiritum
932 2442 1088 2488 ducant,
1111 2444 1147 2480 in
1179 2444 1263 2481 alvo
1297 2444 1415 2481 multa
1446 2452 1533 2482 sunt
1551 2460 1584 2485 ³⁵
