1681 2752
446 159 532 189 LIB.
558 158 584 189 1.
630 158 936 195 catnxurxiv.
985 159 1022 198 ξς
1042 166 1156 198 31-37-
1442 157 1495 196 43

101 259 216 296 stellis
235 259 339 307 vagis
359 259 617 301 nominantur,
639 271 771 304 unum,
793 258 857 306 qui
889 270 935 295 ex
965 259 1145 295 omnibus
1175 257 1375 301 sideribus,
1398 269 1497 304 quae

101 323 216 359 infixa
236 323 345 359 caelo
361 330 460 367 sunt,
477 334 524 359 ex
541 322 722 370 dispersis
738 323 844 370 quasi
867 323 1048 359 membris
1065 322 1225 369 simplex
1242 322 1287 358 sit
1304 321 1497 369 putandus

100 386 209 431 deus,
221 387 427 434 septimum
444 386 564 423 solem
580 386 753 434 adiungit
770 393 1023 433 octavamque
1037 386 1166 422 lunam
1183 399 1192 431 ς
1215 385 1279 433 qui
1293 397 1371 433 quo
1385 397 1497 422 sensu

99 450 201 487 beati
235 462 318 486 esse
353 451 511 498 possint,
546 450 713 504 intellegi
752 462 830 487 non
865 456 1005 498 potest.
1065 450 1123 486 Ex
1157 449 1296 486 eadem
1333 450 1498 486 Platonis

57 527 72 552 5
99 514 231 551 schola
266 515 448 551 Ponticus
480 514 709 551 Heraclides
739 514 947 562 puerilibus
977 514 1112 551 fabulis
1141 514 1286 550 refersit
1317 514 1430 550 libros
1462 521 1499 550 et

98 577 218 615 modo
252 578 456 623 mundum,
491 585 572 615 tum
606 585 778 615 mentem
812 577 982 614 divinam
1018 589 1100 614 esse
1135 584 1254 626 putat,
1287 578 1498 614 errantibus

99 643 214 679 etiam
243 643 358 679 stellis
388 642 626 679 divinitatem
658 643 787 679 tribuit
818 653 1010 690 sensuque
1045 641 1163 679 deum
1196 642 1318 690 privat
1351 650 1389 678 et
1417 643 1498 678 eius

98 706 260 743 formam
282 707 505 743 mutabilem
527 718 610 743 esse
631 707 709 743 vult
730 705 950 754 eodemque
976 707 1013 743 in
1043 706 1138 743 libro
1157 718 1282 743 rursus
1303 713 1440 742 terram
1461 714 1499 742 et

98 770 248 806 caelum
278 770 391 807 refert
420 771 458 806 in
486 769 594 807 deos.
652 771 738 807 Nec
759 782 850 806 vero
870 770 1128 818 Theophrasti
1158 770 1415 807 inconstantia
1445 771 1496 807 se·
1516 776 1549 800 ³5

50 849 81 865 ιο
98 833 219 870 reuda
238 841 294 871 est
310 848 320 880 3
351 834 471 871 modo
487 836 590 871 enim
612 835 732 871 menti
748 834 919 871 divinum
940 835 1069 871 tribuit
1089 835 1361 883 principatum,
1378 834 1498 871 modo

99 898 219 943 caelo,
240 905 322 935 tum
343 906 471 935 autem
503 899 618 946 signis
643 898 909 947 sideribusque
930 899 1173 936 caelestibus.
1232 899 1317 935 Nec
1339 899 1498 935 audien-

99 962 171 999 dus
201 962 281 999 eius
311 962 463 999 auditor
483 963 619 1008 Strato,
642 963 671 999 is
692 963 756 1011 qui
788 963 968 1011 physicus
999 963 1222 1011 appellatur,
1243 964 1309 1011 qui
1340 975 1500 1000 omnem

98 1027 175 1063 vim
195 1026 363 1063 divinam
385 1027 423 1063 in
451 1034 586 1063 natura
607 1027 718 1063 sitam
739 1039 822 1063 esse
843 1034 988 1071 censet,
1010 1039 1109 1075 quae
1139 1039 1272 1063 causas
1302 1027 1498 1077 gignendi,

59 1112 66 1122 ι
98 1092 277 1141 augendi,
311 1092 512 1129 minuendi
551 1092 703 1138 habeat,
740 1092 809 1129 sed
843 1099 971 1129 careat
1004 1093 1110 1130 omni
1144 1105 1259 1130 sensu
1295 1100 1333 1129 et
1366 1093 1496 1141 figura.

50 1172 80 1196 15
98 1158 203 1194 Zeno
223 1164 365 1202 autem,
387 1164 428 1194 ut
448 1157 524 1193 iam
545 1156 595 1193 ad
614 1163 772 1202 vestros,
795 1157 926 1202 Balbe,
947 1157 1112 1203 veniam,
1133 1158 1346 1194 naturalem
1372 1158 1498 1206 legem

98 1221 268 1258 divinam
302 1233 386 1258 esse
419 1227 564 1266 censet,
595 1233 760 1269 eamque
789 1221 866 1258 vim
900 1221 1074 1258 obtinere
1106 1228 1211 1258 recta
1244 1222 1499 1270 imperantem

97 1286 447 1334 prohibentemque
469 1286 671 1323 contraria.
688 1274 692 1283 ’
730 1285 860 1333 Quam
879 1286 1007 1334 legem
1022 1297 1100 1333 quo
1116 1286 1236 1323 modo
1257 1286 1398 1323 efficiat
1418 1287 1499 1323 ani-

97 1357 282 1395 mantem,
313 1350 533 1398 intellegere
567 1362 648 1387 non
680 1362 884 1398 possumus
900 1363 910 1396 3
949 1349 1067 1387 deum
1101 1357 1230 1387 autem
1261 1352 1499 1387 animantem

98 1422 201 1452 certe
221 1415 397 1452 volumus
427 1427 524 1452 esse.
580 1416 708 1462 Atque
743 1414 806 1451 hic
840 1414 946 1451 idem
976 1415 1050 1452 alio
1081 1415 1169 1452 loco
1201 1415 1357 1452 aethera
1380 1415 1500 1452 deum

48 1495 81 1512 20
99 1478 204 1524 dicit,
225 1480 256 1516 si
276 1479 444 1528 intellegi
463 1486 591 1527 potest
610 1479 705 1515 nihil
732 1479 901 1516 sentiens
922 1478 1029 1524 deus,
1051 1479 1117 1527 qui
1143 1491 1356 1528 numquam
1415 1481 1499 1518 obis

97 1544 264 1580 occurrit
282 1555 408 1591 neque
430 1543 468 1580 in
488 1543 668 1591 precibus
689 1555 818 1591 neque
838 1544 877 1580 in
897 1543 1037 1591 optatis
1057 1555 1186 1592 neque
1208 1544 1245 1580 in
1266 1545 1363 1581 votis
1419 1545 1499 1582 aliis

97 1615 227 1645 autern
247 1608 348 1645 libris
368 1608 557 1644 rationem
577 1607 775 1656 quandam
803 1619 872 1656 per
891 1619 1049 1644 omnem
1069 1614 1244 1645 naturam
1265 1621 1391 1646 rerum
1412 1621 1497 1658 per-

97 1672 283 1709 tinentem
302 1672 339 1708 vi
359 1671 489 1709 divina
509 1684 592 1708 esse
613 1671 807 1708 adfectam
835 1678 956 1720 putat.
1014 1671 1127 1708 Idem
1156 1673 1263 1710 astris
1294 1673 1370 1710 hoc
1392 1673 1497 1710 idern

96 1737 236 1782 tribuit,
257 1743 340 1774 tum
368 1737 490 1783 annis,
520 1736 717 1773 mensibus
747 1748 1015 1784 annorumque
1048 1737 1337 1774 mutationibus.
1396 1738 1498 1775 Cum

48 1818 80 1843 25
97 1813 187 1838 vero
209 1800 378 1838 Hesiodi
406 1801 657 1850 theogoniam
683 1800 744 1851 [id
765 1808 823 1838 est
843 1801 1031 1849 originem
1051 1800 1237 1852 deorum]
1273 1802 1496 1850 interpreta-

97 1871 168 1911 tur,
197 1866 295 1903 tollit
327 1866 488 1903 omnino
520 1866 675 1903 usitatas
714 1872 995 1914 perceptasque
1031 1866 1274 1914 cognitiones
1308 1866 1497 1911 deorum;

97 1942 225 1978 neque
245 1931 349 1967 enim
370 1931 505 1967 Iovem
525 1943 654 1979 neque
676 1931 869 1967 Iunonem
889 1942 1018 1978 neque
1040 1930 1201 1967 Vestam
1217 1942 1343 1978 neque
1365 1943 1498 1979 quem-

98 2006 226 2042 quam,
247 1995 314 2043 qui
346 1995 398 2031 ita
429 1995 654 2043 appelletur,
675 1994 714 2031 in
745 1994 907 2031 deorum
942 1994 1058 2031 habet
1091 2006 1266 2039 numero,
1290 1994 1360 2032 sed
1385 1996 1499 2032 rebus

98 2058 275 2095 inanimis
304 2065 419 2107 atque
449 2059 563 2096 mutis
592 2070 662 2107 per
681 2058 877 2106 quandam
909 2058 1230 2106 significationem
1262 2058 1360 2095 haec
1383 2059 1500 2096 docet

49 2139 82 2164 30
99 2122 238 2160 tributa
257 2121 469 2179 nominaJ‘
486 2123 606 2161 Cuius
627 2123 806 2171 discipuli
827 2123 1014 2159 Aristonis
1034 2135 1114 2160 non
1143 2123 1270 2160 minus
1298 2136 1440 2172 magno
1462 2125 1500 2160 in
1517 2135 1551 2161 37

100 2198 224 2223 errore
245 2188 435 2224 sententia
463 2194 532 2233 est,
553 2187 620 2236 qui
648 2199 776 2235 neque
798 2187 960 2223 formam
981 2186 1045 2223 dei
1074 2187 1245 2236 intellegi
1276 2199 1390 2235 posse
1412 2200 1500 2224 cen-

100 2257 182 2288 seat
203 2262 330 2299 neque
360 2252 399 2288 in
419 2251 502 2289 deis
532 2264 688 2289 sensum
717 2263 801 2288 esse
823 2251 927 2288 dicat
947 2250 1176 2300 dubitetque
1209 2252 1382 2297 omnino,
1405 2252 1501 2289 deus

100 2315 274 2352 animans
300 2327 426 2353 necne
447 2316 506 2353 sit.
564 2316 772 2354 Cleanthes
792 2322 933 2360 autem,
957 2316 1022 2363 qui
1042 2317 1242 2352 Zenonem
1262 2316 1405 2353 audivit
1425 2329 1503 2353 una

100 2391 191 2415 cum
222 2391 282 2424 eo,
303 2391 422 2427 quem
452 2380 626 2428 proxime
655 2380 862 2424 nominavi,
891 2386 973 2416 tum
1003 2380 1130 2428 ipsum
1163 2379 1351 2416 mundum
1383 2380 1501 2417 deum

53 2456 85 2481 35
103 2441 198 2479 dicit
226 2454 322 2489 esse,
342 2448 425 2480 tum
459 2443 576 2480 totius
608 2450 766 2480 naturae
799 2443 921 2480 menti
951 2450 1067 2492 atque
1101 2444 1231 2480 animo
1265 2444 1393 2481 tribuit
1425 2444 1500 2481 hoc

1511 1144 1558 1178 14

1516 1188 1549 1212 36
