1714 2807
139 187 217 228 154
566 184 629 215 DE
660 184 849 215 NATURA
882 183 1092 215 DEORUM.

132 289 170 325 in
192 286 356 324 Arcadia
376 298 455 322 non
475 285 590 333 longe
611 297 633 321 a
656 285 770 321 Lusio
792 284 946 321 flumine
967 285 1185 333 sepulcrum
1207 291 1244 322 et
1264 286 1372 323 lucus
1399 293 1527 325 osten-

75 356 123 392 23
135 352 246 389 ditur.
293 351 514 399 Apollinum
535 349 819 396 antiquissimus
841 349 882 393 is,
905 361 1020 396 quem
1042 350 1156 397 paulo
1177 357 1291 386 antea
1311 363 1331 387 e
1352 352 1528 389 Vulcano

84 745 117 770 58

86 1326 121 1353 59

91 2037 124 2062 CO

133 424 265 453 natum
296 427 380 451 esse
411 413 502 458 dixi,
523 412 727 449 custodem
759 413 1009 457 Athenarum,
1040 414 1133 449 alter
1162 414 1390 462 Corybantis
1419 415 1528 460 filius,

134 488 244 517 natus
276 480 312 516 in
345 480 472 522 Creta,
506 477 612 513 cuius
644 476 694 512 de
727 477 788 512 illa
819 477 939 513 insula
970 489 1059 514 cum
1094 479 1186 514 Iove
1220 479 1302 526 ipso
1334 486 1528 516 certamen

135 545 246 581 fuisse
280 542 450 586 traditur,
487 541 617 577 tertius
654 541 745 577 Iove
780 541 892 577 tertio
927 548 1037 578 natus
1071 548 1108 578 et
1142 543 1300 587 Latona,
1333 555 1448 590 quem
1482 556 1528 579 ex

137 607 402 656 Hyperboreis
421 605 595 653 Delphos
616 605 739 641 ferunt
759 604 974 650 advenisse,
991 613 1146 653 quartus
1167 606 1203 642 in
1221 606 1396 651 Arcadia,
1413 619 1529 655 quem

134 671 306 709 Arcades
327 670 468 717 Νόμιον
488 669 695 717 appellant,
718 668 824 716 quod
845 669 894 705 ab
914 681 962 705 eo
983 681 1022 705 se
1044 669 1147 717 leges
1168 670 1291 706 ferunt
1319 671 1529 718 accepisse.

137 737 285 773 Dianae
316 736 407 772 item
438 734 576 782 plures,
599 734 722 781 prima
743 733 844 769 Iovis
866 740 903 769 et
926 734 1187 781 Proserpinae,
1210 746 1308 781 quae
1329 735 1531 782 pinnatum

136 800 371 848 Cupidinem
402 799 579 847 genuisse
610 797 762 842 dicitur,
790 797 964 834 secunda
992 798 1128 843 notior,
1151 810 1266 845 quam
1299 799 1391 835 Iove
1420 799 1531 835 tertio

136 873 174 902 et
196 866 344 902 Latona
369 870 499 900 natam
527 862 762 910 accepimus,
784 861 917 898 tertiae
944 868 1052 909 pater
1072 862 1170 910 Upis
1191 862 1361 907 traditur,
1383 863 1530 899 Glauce

136 936 281 975 mater;
321 940 406 965 eam
446 938 562 975 saepe
597 926 737 964 Graeci
771 926 892 974 Upim
930 932 1091 974 paterno
1130 926 1286 962 nomine
1325 927 1531 975 appellant.

138 994 332 1041 Dionysos
362 992 502 1028 multos
532 991 730 1035 habemns
752 990 918 1038 primum
942 990 1034 1026 Iove
1065 996 1102 1026 et
1132 991 1358 1038 Proserpina
1386 997 1532 1036 natum,

137 1057 352 1094 secundum
384 1057 486 1101 Nilo,
508 1056 572 1103 qui
600 1056 746 1103 Nysam
777 1054 916 1091 dicitur
943 1054 1193 1100 interemisse,
1218 1055 1369 1091 tertium
1392 1055 1533 1092 Cabiro

136 1130 260 1171 patre,
283 1133 451 1169 eumque
472 1132 604 1168 regem
626 1120 738 1156 Asiae
762 1119 970 1167 praefuisse
1001 1119 1147 1164 dicunt,
1169 1119 1230 1156 cui
1261 1120 1418 1156 Sabazia
1446 1126 1534 1156 sunt

137 1187 318 1232 instituta,
350 1192 527 1234 quartum
563 1185 655 1221 Iove
690 1191 728 1220 et
764 1184 882 1228 Luna,
915 1184 977 1220 cui
1011 1196 1118 1220 sacra
1150 1184 1322 1231 Orphica
1354 1190 1535 1232 putantur

137 1251 292 1296 confici,
314 1251 488 1298 quintum
511 1249 607 1286 Niso
631 1256 763 1285 natum
785 1254 823 1284 et
843 1248 1019 1296 Thyone,
1041 1260 1063 1284 a
1083 1261 1161 1296 quo
1181 1248 1413 1285 Trieterides
1440 1260 1533 1285 con-

139 1316 290 1353 stitutae
320 1321 512 1363 putantur.
568 1314 700 1350 Venus
726 1313 849 1361 prima
869 1313 988 1350 Caelo
1017 1319 1053 1349 et
1076 1313 1149 1349 Die
1171 1320 1270 1357 nata,
1292 1313 1399 1349 cuius
1422 1312 1533 1349 Elide

139 1381 341 1418 delubrum
363 1379 540 1424 vidimus,
562 1379 678 1416 altera
698 1391 837 1427 spuma
860 1385 1072 1426 procreata,
1094 1390 1142 1414 ex
1168 1390 1244 1426 qua
1273 1385 1311 1414 et
1341 1371 1534 1414 Mercurio

140 1445 376 1493 Cupidinem
411 1443 626 1481 secundum
661 1450 793 1479 natum
829 1443 1063 1491 accepimus,
1099 1443 1209 1479 tertia
1244 1443 1336 1478 Iove
1371 1449 1460 1478 nata
1497 1448 1535 1478 et

140 1511 280 1555 Diona,
301 1520 400 1557 quae
421 1508 550 1556 nupsit
568 1508 756 1552 Volcano,
778 1506 847 1544 sed
869 1519 916 1543 ex
943 1519 988 1543 ea
1017 1515 1055 1543 et
1085 1507 1210 1543 Marte
1241 1514 1350 1543 natus
1371 1508 1535 1543 Anteros

139 1575 290 1620 dicitur,
312 1580 446 1622 quarta
475 1572 579 1620 Syria
609 1572 818 1620 Cyproque
848 1578 1051 1620 concepta,
1074 1583 1173 1619 quae
1195 1572 1343 1607 Astarte
1364 1578 1534 1616 vocatur,

139 1651 256 1687 quam
286 1637 458 1675 Adonidi
487 1637 662 1685 nupsisse
692 1636 888 1684 proditum
918 1642 987 1672 est.
1049 1636 1223 1672 Minerva
1255 1636 1388 1684 prima,
1419 1647 1535 1683 quam

139 1703 327 1752 Apollinis
365 1708 527 1738 matrem
565 1713 679 1749 supra
718 1700 894 1746 diximus,
935 1700 1108 1737 secunda
1150 1707 1232 1737 orta
1277 1700 1378 1745 Nilo,
1418 1711 1535 1748 quam

141 1767 317 1815 Aegyptii
338 1767 461 1804 Saitae
488 1765 631 1810 colunt,
654 1766 763 1802 tertia
790 1766 862 1810 illa,
887 1777 1002 1813 quam
1023 1777 1045 1802 a
1069 1766 1160 1801 Iove
1181 1771 1402 1813 generatam
1424 1775 1537 1813 supra

141 1832 319 1877 diximus,
341 1837 474 1879 quarta
504 1831 596 1867 Iove
626 1837 715 1866 nata
744 1837 782 1866 ct
811 1830 1004 1878 Coryphe,
1033 1829 1182 1867 Oceani
1212 1829 1298 1874 filia,
1321 1841 1437 1877 quam
1468 1830 1534 1865 Ar—

141 1895 258 1932 cades
298 1894 436 1942 Κοριάν
473 1895 676 1931 nominant
715 1901 752 1931 et
800 1894 1070 1942 quadrigarum
1110 1894 1359 1930 inventricem
1399 1893 1534 1937 ferunt,

141 1960 273 2008 quinta
304 1958 493 2003 Pallantis,
524 1970 622 2007 quae
657 1966 804 2006 patrem
840 1958 979 1995 dicitur
1013 1958 1250 1995 interemisse
1281 1957 1535 2005 virginitatem

142 2036 248 2061 suam
270 2023 410 2059 violare
431 2029 651 2067 conantem,
675 2023 735 2059 cui
757 2023 961 2071 pinnarum
982 2022 1111 2058 talaria
1137 2021 1321 2069 adfigunt.
1380 2020 1536 2069 Cupido

142 2089 285 2136 primus
318 2087 511 2124 Mercurio
541 2093 579 2123 et
609 2087 735 2123 Diana
763 2087 886 2135 prima
915 2094 1025 2123 natus
1046 2086 1194 2130 dicitur,
1217 2085 1410 2122 secundus
1432 2086 1534 2122 Mer-

142 2152 248 2188 curio
279 2159 315 2188 et
343 2152 494 2188 Venere
525 2151 709 2195 secunda,
731 2151 874 2195 tertius,
900 2151 963 2198 qui
996 2150 1098 2187 idern
1128 2156 1185 2186 est
1214 2151 1389 2195 Anteros,
1412 2150 1536 2186 Marte

141 2224 179 2252 et
207 2217 358 2252 Venere
393 2216 513 2252 tertia.
572 2217 699 2263 Atque
734 2215 830 2252 haec
865 2215 1021 2263 quidem
1053 2215 1202 2262 aliaque
1237 2215 1318 2251 eius
1352 2213 1459 2250 modi
1489 2225 1537 2250 ex

141 2288 268 2317 vetere
290 2280 478 2317 Graeciae
500 2280 600 2316 fama
621 2280 783 2315 collecta
803 2286 902 2323 sunt,
919 2279 1056 2327 quibus
1077 2278 1262 2326 intellegis
1282 2277 1536 2315 resistendum

142 2357 239 2388 esse,
262 2356 310 2381 ne
332 2344 601 2392 perturbentur
621 2344 835 2391 religiones.
893 2343 1017 2380 Vestri
1039 2350 1166 2379 autem
1187 2354 1266 2379 non
1294 2341 1413 2379 modo
1441 2342 1536 2378 haec

142 2421 220 2445 non
250 2409 437 2453 refellunt,
459 2420 590 2444 verum
620 2408 735 2444 etiam
765 2407 995 2444 confirmant
1025 2406 1326 2455 interpretando,
1353 2417 1537 2454 quorsum

141 2473 314 2521 quidque
352 2473 552 2521 pertineat.
610 2472 685 2509 Sed
725 2483 772 2508 eo
811 2472 899 2518 iam,
939 2471 1042 2509 unde
1082 2471 1157 2508 huc
1196 2470 1355 2519 digressi
1393 2481 1535 2515 sumus,

141 2545 385 2574 revertamur.

1552 881 1583 898 10

1554 1199 1583 1223 1⁵

1554 1519 1586 1536 20

1554 1844 1584 1867 ²⁵

1555 2163 1588 2186 30

1556 2481 1586 2505 35
