1714 2807
151 149 209 190 90
589 147 652 179 DE
681 147 873 182 NATURA
905 149 1114 184 DEORUM.

151 251 365 288 animantes
399 257 528 288 autern
562 251 777 297 hominurn,
806 259 848 288 ut
881 264 1023 302 equum
1056 254 1222 292 vehendi
1257 267 1383 303 causa,
1414 257 1547 296 arandi

151 315 304 359 bovem,
325 314 493 351 venandi
513 321 551 352 et
571 315 816 352 custodiendi
837 329 987 355 canem.
1045 319 1133 366 Ipse
1155 327 1283 356 autem
1305 320 1424 358 homo
1444 330 1547 361 ortus

152 386 208 415 est
242 378 291 414 ad
330 378 519 415 mundum
559 380 902 427 contemplandum
941 388 978 418 et
1016 382 1256 429 imitandum,
1286 386 1389 423 nullo
1427 388 1547 425 modo
1578 403 1601 411 κ

101 443 356 491 aspersectus,
391 442 460 480 sed
499 449 556 479 est
589 443 782 490 quaedam
816 445 1000 492 particula
1038 447 1209 494 perfecti.
1267 448 1342 486 Sed
1381 451 1547 488 mundus

152 507 335 554 quoniam
369 507 499 543 omnia
525 507 737 555 conplexus
767 515 823 544 est
854 521 980 557 neque
1013 517 1070 547 est
1090 512 1310 560 quiequam,
1331 515 1438 563 quod
1469 528 1547 553 non
1576 531 1589 554 5

152 571 239 607 insit
260 571 296 607 in
318 583 377 616 eo,
399 571 590 619 perfectus
620 571 791 620 undique
822 580 891 609 est.
949 573 1026 621 Qui
1058 575 1169 623 igitur
1199 585 1325 626 potest
1356 580 1390 616 ei
1412 580 1547 617 deesse

152 635 203 680 id,
220 635 326 683 quod
347 642 404 672 est
424 636 642 683 optimum?
669 636 762 672 nihil
783 643 910 674 autem
933 645 989 674 est
1012 647 1142 677 mente
1164 649 1199 678 et
1221 643 1365 680 ratione
1387 645 1521 681 melius
1539 658 1548 690 ;

152 712 242 747 ergo
264 699 359 736 haec
380 698 527 735 mundo
548 698 684 736 deesse
706 712 783 737 non
806 709 978 749 possunt.
1039 704 1144 742 Bene
1166 706 1276 754 igitur
1304 707 1406 744 idem
1429 708 1546 757 Chry-

152 764 294 812 sippus,
326 764 391 811 qui
421 763 687 800 similitudines
717 764 931 813 adiungens
964 769 1093 806 omnia
1124 770 1161 806 in
1192 771 1370 818 perfectis
1401 779 1439 808 et
1470 785 1547 809 ma-

151 829 242 864 turis
272 827 389 864 docet
418 839 502 864 esse
532 828 701 873 meliora,
723 835 764 864 ut
793 829 831 865 in
863 842 966 879 equo
995 845 1112 880 quam
1143 835 1181 871 in
1213 836 1360 880 eculeo,
1382 836 1420 872 in
1452 848 1547 873 cane
1569 853 1598 870 ιο

151 904 268 940 quam
300 892 338 928 in
369 892 508 937 catulo,
539 892 577 928 in
611 892 691 929 viro
725 904 841 941 quam
878 895 915 932 in
950 908 1082 945 puero,
1105 899 1208 944 item,
1230 899 1336 947 quod
1370 900 1409 937 in
1443 902 1549 938 omni

152 957 300 993 mundo
321 957 511 1005 optimum
532 957 590 1002 sit,
613 956 651 993 id
682 957 720 993 in
750 960 924 1006 perfecto
953 962 1080 1010 aliquo
1111 969 1226 1010 atque
1257 964 1434 1002 absoluto
1464 977 1548 1003 esse

101 1027 134 1053 39
152 1021 294 1058 debere
312 1035 320 1067 3
351 1028 408 1057 est
429 1028 558 1058 autem
588 1022 680 1058 nihil
712 1024 860 1061 mundo
881 1027 1098 1074 perfectius,
1120 1027 1212 1064 niliil
1231 1028 1366 1065 virtute
1387 1030 1547 1076 melius;

152 1087 263 1135 igitur
284 1087 417 1124 mundi
439 1095 495 1124 est
524 1089 678 1136 propria
698 1089 825 1126 virtus.
883 1091 970 1127 Nec
989 1103 1078 1128 vero
1109 1091 1273 1129 hominis
1303 1101 1435 1130 natura
1463 1106 1547 1142 per·
1602 1114 1605 1116 v

151 1151 252 1188 secta
271 1158 340 1197 est,
362 1159 399 1188 et
426 1151 588 1188 efficitur
617 1159 746 1190 tamen
777 1154 814 1190 in
845 1154 1002 1192 homine
1022 1156 1162 1202 virtus;
1192 1163 1337 1204 quanto
1368 1158 1479 1206 igitur
1510 1159 1547 1195 in
1568 1174 1597 1197 15

152 1216 300 1253 mundo
334 1217 505 1254 facilius!
540 1223 597 1253 est
631 1229 724 1266 ergo
755 1218 794 1254 in
827 1230 874 1255 eo
908 1219 1049 1266 virtus3
1089 1221 1241 1268 sapiens
1275 1228 1332 1258 est
1366 1221 1478 1270 igitur
1509 1230 1548 1260 et

150 1289 355 1330 propterea
383 1281 492 1318 deus.

94 1349 142 1385 15
205 1348 331 1395 Atque
353 1347 425 1384 hac
447 1347 581 1384 mundi
603 1346 800 1384 divinitate
820 1355 1025 1396 perspecta
1043 1349 1246 1386 tribuenda
1275 1357 1332 1387 est
1361 1350 1547 1388 sideribus

152 1411 292 1448 eadem
330 1412 518 1457 divinitas,
555 1424 654 1460 quae
694 1424 741 1448 ex
780 1413 1029 1449 mobilissima
1069 1414 1347 1462 purissimaque
1385 1415 1547 1452 aetheris

151 1483 258 1523 parte
297 1477 514 1525 gignuntur,
554 1489 681 1525 neque
720 1477 795 1513 ulla
833 1484 1030 1525 praeterea
1067 1485 1154 1514 sunt
1198 1478 1368 1515 admixta
1414 1486 1598 1517 naturam

151 1548 308 1589 totaque
330 1549 417 1578 sunt
439 1541 564 1578 calida
584 1549 698 1589 atque
720 1540 929 1589 perlucida,
951 1548 992 1577 ut
1021 1553 1066 1578 ea
1086 1554 1241 1590 quoque
1270 1544 1480 1580 rectissime
1511 1551 1547 1581 et

100 1612 134 1638 40
152 1606 362 1643 animantia
382 1618 465 1643 esse
486 1614 524 1643 et
545 1607 684 1643 sentire
717 1613 831 1654 atque
862 1606 1080 1654 intellegere
1101 1606 1288 1643 dicantur.
1345 1609 1471 1655 Atque
1501 1620 1548 1645 ea

151 1670 309 1718 quidem
330 1677 410 1707 tota
430 1683 513 1707 esse
541 1671 653 1719 ignea
673 1670 837 1707 duorum
867 1682 1049 1707 sensuum
1080 1671 1300 1708 testimonio
1332 1672 1548 1709 confirmari

151 1735 358 1772 Cleanthes
380 1742 500 1783 putat,
522 1743 645 1773 tactus
666 1743 703 1772 et
730 1736 942 1772 oculorum.
1000 1736 1102 1772 Nam
1133 1736 1220 1772 solis
1250 1743 1288 1772 et
1316 1735 1463 1773 candor
1491 1737 1546 1773 in-

151 1800 299 1836 lustrior
331 1806 388 1836 est
417 1812 533 1847 quam
566 1800 674 1837 ullius
706 1801 814 1848 ignis,
845 1800 990 1848 quippe
1020 1801 1084 1848 qui
1113 1801 1154 1837 in
1190 1800 1365 1837 inmenso
1398 1800 1547 1838 mundo
1566 1818 1596 1842 25

150 1870 228 1900 tam
249 1864 361 1912 longe
383 1864 535 1912 lateque
556 1865 772 1910 conluceat‚
794 1872 831 1902 et
853 1865 882 1901 is
911 1865 991 1901 eius
1021 1871 1144 1901 tactus
1173 1871 1242 1909 est,
1264 1877 1343 1902 non
1371 1871 1412 1901 ut
1441 1871 1546 1913 tape-

150 1928 263 1964 faciat
283 1928 418 1973 solum,
440 1928 509 1965 sed
538 1929 652 1965 etiam
674 1941 789 1977 saepe
811 1930 1025 1974 comburat,
1047 1941 1210 1977 quorum
1240 1936 1415 1966 neutrum
1446 1929 1545 1966 face-

149 1998 217 2037 ret,
239 1993 309 2029 nisi
330 1999 430 2029 esset
452 1993 597 2041 igneus.
656 1995 665 2011 ‘
681 1994 783 2041 Ergo
799 1995 820 2039 ¹,
838 1994 973 2041 inquit,
997 1997 1005 2012 ‘
1021 2006 1109 2030 curn
1131 1993 1186 2030 sol
1208 1994 1340 2041 igneus
1360 1993 1407 2030 sit
1422 1993 1545 2031 Ocea-

150 2057 267 2104 nique
288 2057 407 2093 alatur
427 2057 634 2102 umoribus,
656 2058 745 2105 quia
765 2057 888 2094 nullus
918 2058 1014 2106 ignis
1035 2058 1117 2095 sine
1139 2064 1248 2106 pastu
1269 2057 1397 2105 aliquo
1418 2065 1548 2105 posset

150 2132 387 2168 permanere,
408 2133 568 2158 necesse
589 2128 646 2158 est
666 2128 731 2158 aut
759 2122 794 2158 ei
823 2122 953 2159 similis
983 2122 1031 2159 sit
1061 2122 1150 2170 igni,
1172 2134 1288 2170 quem
1319 2121 1547 2159 adhibemus
1566 2138 1598 2162 30

150 2184 199 2221 ad
221 2197 331 2221 usum
361 2192 475 2232 atque
496 2185 650 2230 victum,
672 2193 737 2222 aut
757 2186 804 2230 ei,
826 2186 891 2233 qui
920 2186 1145 2234 corporibus
1174 2186 1425 2223 animantium
1455 2198 1546 2223 con-

100 2249 301 2285 41tinetur.
357 2249 473 2296 Atqui
504 2249 566 2285 hic
595 2256 724 2286 noster
753 2250 860 2297 ignis,
882 2261 998 2297 quem
1029 2262 1118 2286 usus
1138 2250 1236 2286 vitae
1266 2250 1433 2298 requirit,
1455 2262 1546 2287 con-

151 2313 271 2349 fector
291 2319 347 2349 est
367 2320 405 2349 et
425 2320 676 2360 consumptor
696 2314 881 2359 omnium,
903 2313 1097 2361 idemque,
1119 2326 1369 2362 quocumque
1401 2314 1548 2359 invasit,

151 2384 292 2412 cuncta
324 2376 510 2413 disturbat
543 2389 588 2413 ac
623 2376 806 2425 dissipat;
844 2384 979 2414 contra
1008 2377 1068 2414 ille
1107 2389 1315 2425 corporeus
1353 2379 1473 2415 vitalis
1511 2385 1549 2414 et

151 2440 321 2477 salutaris
351 2441 481 2477 omnia
510 2447 722 2487 conservat,
744 2441 819 2486 alit,
840 2447 965 2489 auget,
986 2441 1145 2478 sustinet
1174 2454 1366 2489 sensuque
1389 2442 1546 2479 adficit!
1566 2459 1596 2483 ³⁵
