1681 2752
393 152 477 183 ΜΒ.
504 153 568 184 111.
613 153 983 184 cmxxx-xxxii
1031 155 1069 194 ξς
1091 163 1205 195 74-79-
1419 146 1489 186 161

100 266 192 290 num
209 254 362 290 rationis
379 260 416 290 et
432 254 581 291 consilii
601 254 651 291 ad
672 254 846 292 fraudem
863 255 1095 301 hominibus,
1113 268 1191 293 non
1212 255 1262 293 ad
1283 256 1496 294 bonitatem

100 318 334 365 impertitum
355 329 438 354 esse
459 317 644 355 videatur.

154 381 229 419 Sed
250 382 389 430 urgetis
411 381 624 419 identidem
652 382 853 420 hominum
875 395 957 420 esse
979 383 1089 420 istam
1111 384 1278 432 culpam,
1300 396 1378 421 non
1401 372 1550 443 deo—{4¹5

98 458 208 492 rum;
239 452 279 482 ut
305 446 335 482 si
362 446 536 483 medicus
562 447 784 494 gravitatem
813 448 948 493 morbi,
971 448 1204 496 gubernator
1223 449 1299 485 vim
1327 455 1495 497 tempes-

58 527 72 550 5
99 511 185 547 tatis
218 516 398 556 accuset;
430 510 499 547 etsi
529 510 567 547 hi
596 511 756 559 quidem
792 511 1029 557 homunculi,
1062 512 1135 549 sed
1169 519 1299 550 tamen
1333 513 1495 551 ridiculi.

99 574 195 621 Quis
225 574 328 610 enim
357 580 394 610 te
423 573 670 620 adhibuisset,
693 575 829 612 dixerit
850 576 1053 624 quispiam,
1076 577 1105 613 si
1136 577 1208 613 ista
1236 589 1316 614 non
1342 579 1498 615 essent?

98 638 243 676 Contra
259 637 375 675 deum
396 639 485 675 licet
501 638 694 688 disputare
715 640 880 678 liberius.
931 641 977 677 In
998 641 1202 678 hominum
1219 642 1316 678 vitiis
1337 642 1390 678 ais
1411 654 1495 679 esse

96 702 262 750 culpam.
321 703 418 740 Eam
439 702 613 740 dedisses
634 703 853 741 hominibus
874 704 1075 750 rationem,
1095 718 1193 754 quae
1215 706 1304 742 vitia
1324 706 1495 754 culpam-

97 779 172 815 que
211 767 443 805 excluderet.
499 769 578 807 Ubi
612 769 723 817 igitur
755 769 862 807 locus
897 770 966 807 fuit
1000 771 1116 807 errori
1146 770 1337 808 deorum?
1393 772 1495 808 Nam

49 849 79 866 xo
97 832 326 880 patrimonia
353 844 422 881 spe
450 833 550 870 bene
579 833 757 871 tradendi
785 835 1048 883 relinquimus,
1070 847 1145 883 qua
1164 847 1369 884 possumus
1394 836 1467 872 falli
1484 850 1494 882 ;

97 896 193 933 deus
214 897 288 933 falli
308 897 372 945 qui
392 897 545 946 potuit?
598 899 658 934 An
685 904 726 935 ut
753 899 828 944 Sol,
850 899 888 935 in
915 911 1068 936 currum
1095 912 1184 936 cum
1214 899 1495 937 Phaethontem

97 960 214 998 filiurn
235 961 396 1007 sustulit,
412 968 477 998 aut
497 962 716 1010 Neptunus,
733 975 822 1000 cum
837 963 1012 1000 Theseus
1029 964 1289 1012 Hippolytum
1311 963 1493 1012 perdidit,

97 1037 187 1062 cum
206 1032 264 1062 ter
282 1025 444 1074 optandi
464 1037 486 1062 a
506 1026 692 1074 Neptuno
708 1034 814 1075 patre
832 1027 1027 1064 habuisset
1046 1029 1311 1076 potestatem?
1358 1028 1493 1066 Po‘e‘ta-
1513 1035 1545 1062 77

95 1101 181 1126 rum
225 1089 295 1126 ista
338 1096 437 1135 sunt,
475 1102 547 1127 nos
585 1097 715 1128 autern
753 1090 973 1140 philosophi
1019 1103 1103 1129 esse
1141 1092 1329 1138 volumus,
1368 1104 1494 1130 rerum

47 1169 77 1194 15
95 1160 283 1200 auctores,
312 1166 392 1191 non
430 1154 654 1192 fabularum.
710 1157 837 1204 Atque
873 1155 911 1193 hi
945 1162 1076 1193 tamen
1109 1156 1181 1205 ipsi
1212 1156 1251 1193 di
1285 1157 1430 1205 poetici
1463 1157 1495 1194 si

95 1219 256 1256 scissent
284 1218 502 1267 perniciosa
534 1219 614 1256 sore
647 1220 709 1257 illa
741 1220 839 1266 filiis,
869 1232 1055 1269 peccasse
1089 1221 1128 1258 in
1162 1221 1356 1258 beneficio
1384 1229 1493 1270 puta-

94 1290 235 1321 rentur.
294 1284 354 1329 Et,
384 1283 416 1320 si
443 1295 575 1320 verum
613 1290 682 1330 est,
713 1284 820 1332 quod
855 1285 981 1322 Aristo
1016 1285 1137 1323 Chius
1168 1285 1298 1322 dicere
1333 1286 1493 1332 solebat,

94 1359 237 1385 nocere
266 1347 510 1385 audientibus
539 1348 793 1397 philosophos
823 1349 878 1395 iis,
903 1350 968 1397 qui
995 1350 1096 1387 bene
1121 1349 1226 1387 dicta
1251 1350 1351 1387 rnale
1379 1351 1493 1388 inter-

94 1418 335 1461 pretarentur
359 1412 495 1461 (posse
524 1413 628 1449 enirn
656 1420 784 1450 asotos
812 1425 860 1450 ex
885 1414 1082 1463 Aristippi,
1104 1414 1265 1451 acerbos
1286 1426 1307 1451 e
1327 1416 1494 1452 Zenonis

45 1490 78 1507 20
95 1477 227 1514 schola
255 1476 397 1525 exire),
418 1488 582 1525 prorsus,
603 1477 646 1522 si,
667 1477 732 1525 qui
762 1477 979 1523 audierunt,
1001 1478 1127 1515 vitiosi
1147 1485 1275 1515 essent
1295 1478 1493 1526 dicessuri,

94 1541 202 1590 quod
239 1553 415 1590 perverse
453 1541 774 1590 philosophorum
803 1540 1104 1590 disputationem
1143 1543 1492 1591 interpretarentur,

93 1614 222 1644 tacere
251 1612 460 1655 praestaret
485 1606 725 1654 philosophis
746 1618 862 1654 quam
883 1607 939 1652 iis,
961 1607 1026 1655 qui
1047 1619 1087 1644 se
1107 1606 1316 1652 audissent,
1337 1620 1492 1646 nocere.

93 1671 166 1717 Sic,
187 1671 218 1708 si
238 1671 415 1708 homines
435 1671 622 1708 rationem
642 1671 749 1708 bono
770 1671 931 1708 consilio
951 1683 974 1707 a
993 1671 1052 1708 dis
1077 1672 1341 1709 inmortalibus
1362 1672 1492 1709 datam
1511 1683 1544 1709 τε

92 1736 132 1773 in
161 1736 335 1773 fraudem
363 1736 624 1784 malitiamque
655 1742 896 1781 convertunt,
922 1748 1002 1772 non
1029 1735 1110 1773 dari
1140 1736 1242 1772 illam
1268 1748 1383 1784 quam
1411 1736 1493 1774 dari

43 1813 74 1838 2⁵
93 1800 265 1838 humano
285 1802 416 1850 generi
436 1801 571 1838 melius
592 1801 672 1838 fuit.
728 1801 795 1846 Ut,
812 1800 843 1836 si
863 1799 1038 1837 medicus
1059 1800 1155 1837 sciat
1175 1812 1263 1837 eum
1279 1807 1491 1848 aegrotum,

93 1866 157 1914 qui
191 1865 312 1902 iussus
346 1866 393 1902 sit
425 1866 557 1902 vinum
591 1876 754 1910 sumere,
787 1865 976 1901 meracius
1011 1871 1251 1913 sumpturum
1286 1865 1492 1912 statimque

92 1930 314 1979 periturum,
337 1942 476 1979 magna
501 1930 548 1967 sit
573 1929 612 1966 in
639 1929 763 1978 culpa,
786 1929 840 1966 sic
861 1936 986 1966 vestra
1006 1929 1078 1965 ista
1097 1928 1340 1977 providentia
1363 1941 1490 1977 repre-

93 1994 313 2041 hendenda,
335 2006 434 2044 quae
458 1995 646 2031 rationem
666 1993 817 2031 dederit
836 1994 891 2039 iis,
913 2005 1010 2042 quos
1037 1994 1164 2030 scierit
1184 2005 1231 2030 ea
1249 2005 1426 2042 perverse
1454 2001 1492 2030 et

92 2059 254 2108 inprobe
281 2071 428 2098 usuros.
485 2059 571 2097 Nisi
599 2059 696 2096 forte
717 2058 843 2096 dicitis
872 2070 960 2095 eam
988 2058 1171 2095 nescisse.
1227 2058 1388 2096 Utinam
1408 2059 1490 2106 qui-

44 2134 76 2158 30
94 2123 186 2161 dem
205 2126 212 2161 Ξ
259 2123 337 2162 Sed
351 2136 432 2161 non
447 2123 650 2161 audebitis.
698 2123 791 2160 Non
811 2123 915 2160 enirn
936 2123 1084 2171 ignoro,
1101 2122 1234 2171 quanti
1250 2123 1330 2159 eius
1346 2134 1491 2160 nomen

93 2188 245 2237 putetis.

147 2251 222 2289 Sed
243 2251 306 2288 hic
326 2251 485 2300 quidem
503 2252 613 2289 locus
639 2251 824 2289 concludi
853 2251 930 2288 iam
958 2257 1100 2300 potest.
1158 2251 1262 2288 Nam
1282 2251 1312 2287 si
1333 2250 1488 2287 stultitia
1499 2245 1548 2314 ἓξ

94 2328 285 2353 consensu
321 2317 494 2353 omnium
531 2316 852 2364 philosophorum
892 2316 1012 2352 maius
1040 2322 1098 2352 est
1126 2315 1282 2360 malum,
1313 2327 1430 2363 quam
1460 2315 1490 2351 si
1514 2303 1519 2315 ¹

94 2380 224 2417 onmia
252 2380 352 2417 mala
380 2386 419 2417 et
446 2380 620 2418 fortunae
650 2387 689 2418 et
718 2380 888 2428 corporis
919 2391 966 2416 ex
1003 2379 1120 2416 altera
1148 2386 1256 2427 parte
1286 2386 1488 2427 ponantur,

45 2460 76 2484 35
95 2444 324 2493 sapientiam
360 2451 490 2483 autern
523 2456 641 2483 nemo
675 2443 909 2494 adsequitur,
939 2444 978 2481 in
1016 2443 1175 2481 summis
1209 2443 1318 2480 malis
1352 2455 1489 2480 omnes
