1714 2807
175 174 186 201 1
199 172 249 213 52
603 170 665 202 DE
695 170 887 202 NATURA
918 170 1128 203 DEORUM.

167 273 339 311 bandum
373 272 491 310 deum
525 284 609 310 esse
644 272 900 318 confirmaret,
934 272 1147 310 Herculem
1178 278 1359 321 negaret:
1396 272 1524 321 ‘Ergo
1539 272 1561 319 '‚

108 324 302 394 {pinquit,
323 340 332 356 ‘
348 337 441 374 mihi
461 337 696 382 Alabandus,
719 337 786 374 tibi
809 337 999 374 Hercules
1028 338 1074 374 sit
1104 337 1218 374 iratus
1237 338 1268 374 1'
1327 337 1396 374 Illa
1418 344 1561 383 autem,

116 1251 149 1278 52

111 1800 157 1834 21

117 1844 151 1869 53

168 402 297 447 Balbe,
320 414 418 450 quae
439 408 478 438 tu
500 413 522 437 a
547 401 655 438 eaelo
685 401 870 449 astrisque
901 400 1083 446 ducebas,
1105 413 1222 449 quam
1251 401 1364 449 longe
1395 408 1561 449 serpant,

166 479 245 503 non
278 466 415 503 vides?
481 466 610 502 Solem
645 465 763 502 deum
802 478 886 502 esse
923 466 1163 514 Lunamque,
1199 478 1364 514 quorum
1401 465 1562 502 alterum

166 531 385 579 Apollinem
407 531 559 575 Graeci,
581 531 740 566 alteram
766 530 931 566 Dianam
962 537 1110 578 putant.
1168 530 1318 577 Quodsi
1350 530 1460 567 Luna
1488 529 1563 567 dea
1589 545 1604 569 5

166 602 234 640 est,
257 607 347 643 ergo
377 595 494 631 etiam
525 595 678 631 Lucifer
707 601 937 642 ceteraeque
968 602 1138 631 errantes
1166 606 1369 631 numerum
1400 593 1563 631 deorum

166 659 396 697 obtinebunt
411 672 421 705 3
452 659 564 707 igitur
583 659 698 695 etiam
720 658 943 695 inerrantes.
1001 659 1080 695 Cur
1105 665 1235 695 autem
1263 658 1382 706 Arqui
1412 658 1562 706 species

165 736 244 760 non
265 724 303 760 in
320 723 481 760 deorum
498 735 660 760 numero
682 723 916 771 reponatur?
943 728 999 759 est
1020 723 1122 759 enim
1138 722 1297 771 pulcher
1311 735 1323 768 5
1349 728 1387 758 et
1402 723 1453 759 ob
1474 734 1561 759 eam

166 799 335 832 causam,
356 788 446 835 quia
474 787 645 835 speciem
677 787 816 823 habeat
845 786 1121 831 admirabilem,
1148 786 1392 823 Thaumante
1423 785 1563 823 dicitur

166 851 245 888 Iris
265 863 349 888 esse
370 858 471 887 nata.
528 851 647 888 Cuius
668 851 697 887 si
719 850 848 887 divina
867 858 1002 887 natura
1022 857 1091 895 est,
1113 850 1206 898 quid
1227 850 1343 887 facies
1368 850 1562 887 nubibus?
1582 867 1613 884 ιο

167 917 288 952 Arcus
317 916 420 952 enim
454 915 536 963 ipse
566 927 586 952 e
616 915 782 952 nubibus
811 914 973 951 efficitur
1001 914 1174 963 quodam
1206 913 1327 951 modo
1356 914 1559 960 coloratis-,3

167 991 329 1027 quarum
349 992 425 1016 una
445 979 561 1016 etiam
583 979 798 1017 Centauros
823 979 1019 1028 peperisse
1048 978 1197 1016 dicitur.
1256 978 1408 1026 Quodsi
1438 979 1561 1016 nubes

166 1044 353 1081 rettuleris
392 1044 431 1080 in
470 1043 577 1089 deos,
611 1043 837 1080 referendae
876 1050 980 1080 certe
1019 1050 1128 1080 erunt
1167 1049 1426 1092 tempestates,
1462 1055 1561 1091 quae

167 1108 300 1157 populi
330 1108 499 1145 Romani
527 1108 659 1145 ritibus
690 1115 939 1144 consecratae
966 1114 1066 1145 sunt.
1125 1108 1227 1156 Ergo
1254 1108 1406 1152 imbres,
1427 1107 1561 1153 nimbi,

168 1173 373 1222 procellae,
410 1173 579 1209 turbines
614 1172 677 1209 dei
711 1172 885 1222 putandi.
945 1173 1075 1210 Nostri
1111 1172 1269 1221 quidem
1304 1173 1423 1210 duces
1457 1185 1560 1210 mare
1581 1187 1611 1211 ¹⁵

169 1236 426 1285 ingredientes
456 1237 639 1273 inmolare
661 1237 824 1274 hostiam
846 1236 1022 1274 fiuctibus
1044 1244 1291 1274 consuerunt.
1349 1238 1432 1274 Iam
1453 1238 1482 1274 si
1504 1244 1562 1274 est

168 1302 286 1339 Ceres
316 1314 339 1338 a
366 1301 538 1350 gerendo
565 1301 637 1350 (ita
665 1302 769 1338 enim
798 1301 994 1349 dicebas),
1017 1309 1115 1338 terra
1143 1301 1226 1350 ipsa
1255 1301 1329 1338 dea
1357 1309 1415 1338 est
1443 1308 1482 1338 et
1511 1302 1563 1338 ita

168 1366 353 1411 habetur;
393 1377 491 1414 quae
524 1373 580 1402 est
612 1365 714 1402 enim
746 1366 818 1402 alia
847 1366 1004 1402 Tellus?
1060 1366 1125 1404 Sin
1156 1373 1265 1411 terra,
1297 1378 1399 1402 mare
1432 1366 1561 1412 etiam,

168 1441 284 1477 quem
302 1431 529 1478 Neptunum
550 1441 633 1466 esse
650 1429 806 1466 dicebas
823 1443 832 1476 3
856 1442 946 1478 ergo
963 1436 1001 1467 et
1021 1430 1177 1467 flumina
1197 1437 1235 1467 et
1255 1431 1393 1468 sontes.
1426 1431 1561 1479 Itaque

169 1501 206 1531 et
228 1495 359 1531 Fontis
387 1493 586 1531 delubrum
609 1494 721 1530 Maso
751 1505 798 1530 ex
827 1494 986 1531 Corsica
1015 1494 1221 1539 dedicavit,
1243 1501 1280 1531 et
1309 1494 1347 1531 in
1376 1506 1562 1543 augurum
1581 1507 1614 1525 πο

168 1558 390 1606 precatione
411 1558 647 1602 Tiberinum,
670 1558 894 1605 Spinonem,
912 1559 1131 1604 Almonem,
1149 1558 1362 1604 Nodinum,
1383 1559 1456 1595 alia
1474 1570 1561 1607 pro-

168 1622 400 1670 pinquorum
421 1622 620 1659 fluminum
642 1623 799 1659 nomina
818 1622 1006 1660 videmus.
1052 1624 1155 1672 Ergo
1176 1623 1251 1660 hoe
1271 1630 1336 1660 aut
1356 1623 1393 1660 in
1413 1623 1561 1660 inmen-

169 1699 254 1724 sum
285 1694 425 1735 serpet,
452 1693 516 1723 aut
542 1686 635 1723 nihil
664 1686 799 1724 horum
827 1687 1070 1736 recipiemus,
1098 1699 1172 1724 nec
1203 1688 1264 1724 illa
1292 1687 1439 1724 infinita
1466 1688 1562 1724 ratio

169 1751 448 1799 superstitionis
475 1751 708 1799 probabitur.
767 1751 872 1788 Nihil
899 1764 990 1800 ergo
1017 1752 1153 1789 horum
1182 1751 1425 1800 probandum
1452 1758 1520 1789 est.

226 1816 410 1852 Dicamus
444 1815 567 1863 igitur,
602 1815 732 1860 Balbe,
767 1823 920 1864 oportet
954 1823 1089 1853 contra
1122 1816 1204 1853 illos
1238 1816 1365 1862 etiam,
1396 1816 1462 1864 qui
1491 1816 1561 1853 hos
1581 1830 1612 1855 ες

169 1879 264 1917 deos
303 1892 351 1916 ex
384 1880 584 1917 hominum
617 1892 757 1928 genere
797 1881 833 1916 in
869 1881 1018 1917 caelum
1055 1881 1255 1917 translatos
1292 1892 1372 1917 non
1405 1892 1457 1934 ῖς,
1492 1879 1561 1918 sed

169 1945 352 1992 opinione
384 1956 468 1981 esse
500 1943 645 1988 dicunt,
674 1956 770 1992 quos
802 1951 960 1992 auguste
995 1957 1131 1981 omnes
1165 1951 1374 1993 sancteque
1406 1956 1560 1981 venera-

169 2021 264 2045 mur.
323 2008 516 2057 Principio
548 2009 659 2053 Ioses
688 2015 763 2045 tres
790 2016 993 2045 numerant
1018 2009 1053 2053 ii,
1075 2010 1139 2057 qui
1167 2009 1335 2057 theologi
1360 2009 1561 2046 nominan-

169 2081 240 2118 tur,
261 2084 309 2110 ex
338 2073 475 2121 quibus
506 2073 673 2121 primum
703 2080 739 2109 ct
770 2073 986 2110 secundum
1014 2081 1124 2110 natos
1145 2074 1183 2110 in
1203 2073 1381 2118 Arcadia,
1401 2073 1562 2110 alterum

169 2145 276 2186 patre
314 2137 492 2183 Aethere,
529 2149 576 2173 ex
614 2149 691 2184 quo
731 2138 846 2174 etiam
887 2137 1153 2185 Proserpinam
1192 2144 1322 2175 natam
1363 2137 1487 2174 serunt
1525 2145 1563 2175 et
1581 2151 1614 2175 30

172 2201 364 2245 Liberum,
386 2201 547 2238 alterum
574 2208 679 2249 patre
711 2201 842 2245 Caelo,
865 2201 929 2249 qui
958 2201 1134 2249 genuisse
1167 2202 1382 2238 Minervam
1413 2201 1562 2247 dicitur,

170 2277 286 2313 quam
330 2265 542 2313 principem
587 2271 624 2301 et
668 2265 916 2301 inventricem
960 2265 1048 2302 belli
1096 2266 1230 2311 serunt,
1274 2266 1427 2302 tertium
1470 2266 1561 2303 Cre-

169 2337 330 2374 tensem,
366 2329 514 2366 Saturni
554 2328 684 2373 filium,
721 2329 828 2365 cuius
863 2329 899 2365 in
935 2329 995 2365 illa
1029 2329 1150 2366 insula
1183 2330 1400 2377 sepulcrum
1434 2336 1561 2366 osten-

170 2393 282 2430 ditur.
339 2392 560 2441 Διόσκουροι
579 2393 694 2428 etiam
716 2392 819 2440 apud
841 2393 978 2429 Graios
999 2393 1125 2430 multis
1153 2393 1278 2430 modis
1305 2394 1561 2430 nominantur.

172 2457 286 2494 Primi
315 2463 401 2503 tres,
423 2457 488 2506 qui
517 2456 758 2507 appellantur
776 2458 930 2495 Anaces
951 2456 1123 2505 Athenis,
1145 2468 1193 2495 ex
1220 2469 1309 2506 rege
1341 2458 1435 2495 Iove
1464 2457 1559 2495 anti-
1581 2472 1612 2496 3⁵
