1714 2807
211 187 290 221 120
643 189 706 221 DE
735 190 926 221 NATURA
957 189 1167 221 DEORUM.

205 292 289 328 Iam
311 291 372 328 illa
391 292 596 336 cernimus,
618 297 659 328 ut
679 298 814 328 contra
832 291 908 328 vim
929 298 969 328 et
991 298 1137 327 metum
1165 291 1242 327 suis
1270 303 1311 328 se
1339 292 1454 329 armis
1481 304 1598 341 quae-

204 367 278 404 que
312 355 537 399 defendant,
572 355 752 392 cornibus
785 355 892 399 tauri,
927 355 1007 402 apri
1047 354 1238 400 dentibus,
1273 367 1402 392 morsu
1439 355 1597 403 leones;

203 420 298 457 aliae
330 420 419 468 fuga
449 431 502 463 se,
538 419 634 455 aliae
665 419 926 456 occultatione
960 425 1142 464 tutantur,
1177 420 1377 456 atramenti
1410 419 1597 457 effusione

204 485 345 532 sepiae,
366 490 521 532 torpore
542 482 777 531 torpedines,
799 483 940 519 multae
962 483 1077 519 etiam
1099 483 1321 520 insectantis
1339 483 1470 520 odoris
1498 484 1596 521 into·

203 549 346 586 lerabili
366 547 549 584 foeditate
571 546 783 595 depellunt.

145 611 192 647 51
256 613 310 651 Ut
329 624 419 649 vero
439 618 648 660 perpetuus
668 610 802 648 mundi
831 618 931 648 esset
951 619 1119 656 ornatus,
1140 623 1279 660 magna
1308 611 1480 649 adhibita
1507 624 1599 649 cura

203 684 259 714 est
279 689 302 713 a
321 675 563 725 providentia
582 675 757 721 deorum,
779 682 819 712 ut
839 687 993 724 semper
1011 682 1138 712 essent
1158 682 1196 712 et
1222 676 1428 712 bestiarum
1457 687 1599 724 genera

203 748 241 778 et
260 741 438 778 arborum
467 740 720 788 omniumque
749 752 888 784 rerum,
910 751 1008 787 quae
1039 751 1062 776 a
1090 747 1188 776 terra
1216 740 1394 788 stirpibus
1423 741 1597 777 contine-

202 814 343 843 rentur.
400 805 511 853 Quae
532 804 691 853 quidem
712 805 844 841 onmia
864 816 950 841 eam
971 805 1046 841 vim
1067 804 1222 841 seminis
1243 804 1388 842 habent
1417 805 1455 842 in
1483 817 1536 850 se,
1558 812 1599 842 ut

203 883 250 907 ex
270 882 347 907 uno
367 870 475 918 plura
489 875 745 918 generentur3
776 868 894 916 idque
915 880 1050 905 semen
1080 868 1269 905 inclusum
1298 875 1356 906 est
1384 869 1424 906 in
1452 869 1599 906 intuma

202 942 309 984 parte
330 946 460 971 earum
481 934 675 977 bacarum,
697 945 796 981 quae
817 945 865 970 ex
885 945 1038 981 quaque
1068 933 1184 981 stirpe
1213 932 1439 977 funduntur,
1458 933 1597 970 isdem-

203 1011 278 1048 que
299 999 508 1036 seminibus
538 1004 577 1035 et
605 998 782 1034 homines
803 997 963 1034 adfatim
983 1004 1191 1034 vescuntur
1210 1003 1249 1034 et
1271 1003 1392 1034 terrae
1424 997 1598 1034 eiusdem

144 1073 192 1100 128
202 1064 351 1112 generis
380 1063 553 1111 stirpium
581 1063 830 1099 renovatione
855 1061 1098 1110 conplentur.
1155 1060 1261 1110 Quid
1289 1061 1435 1110 loquar,
1456 1069 1600 1110 quanta

202 1129 298 1165 ratio
331 1128 371 1165 in
400 1127 532 1165 bestiis
565 1126 616 1163 ad
654 1134 882 1174 perpetuam
917 1126 1251 1163 conservationem
1285 1137 1415 1163 earum
1448 1121 1609 1175 generis

202 1193 414 1242 appareat?
470 1191 571 1228 Nam
591 1191 757 1239 primum
777 1191 872 1227 aliae
892 1202 1029 1236 mares,
1052 1190 1147 1226 aliae
1176 1190 1343 1227 feminae
1371 1197 1471 1235 sunt,
1492 1189 1599 1238 quod

203 1256 466 1307 perpetuitatis
487 1267 603 1292 causa
623 1255 844 1291 machinata
862 1262 997 1291 natura
1017 1260 1085 1300 est,
1107 1253 1250 1291 deinde
1271 1261 1399 1302 partes
1428 1255 1600 1303 corporis

205 1329 242 1359 et
270 1321 321 1359 ad
350 1319 634 1370 procreandum
663 1326 701 1356 et
726 1318 776 1356 ad
798 1318 1102 1367 concipiendum
1122 1318 1356 1367 aptissimae,
1376 1325 1415 1355 et
1435 1319 1474 1356 in
1495 1330 1598 1356 mare

205 1393 243 1424 et
262 1387 300 1423 in
321 1386 464 1423 femina
487 1383 867 1421 commiscendorum
888 1395 1093 1432 corporum
1113 1383 1231 1420 mirae
1252 1382 1442 1420 libidines.
1499 1383 1599 1421 Cum

204 1457 333 1489 autem
354 1451 393 1487 in
413 1450 507 1487 locis
527 1461 660 1486 semen
681 1447 834 1493 insedit,
855 1448 952 1496 rapit
981 1460 1139 1485 omnem
1167 1447 1246 1484 sere
1276 1447 1407 1484 cibum
1435 1446 1487 1484 ad
1515 1459 1598 1484 sese

205 1527 331 1564 eoque
352 1520 527 1562 saeptum
549 1513 656 1561 fingit
675 1512 816 1549 animal
831 1525 841 1558 3
871 1511 979 1560 quod
999 1523 1089 1548 cum
1117 1523 1166 1548 ex
1193 1517 1303 1548 utero
1332 1511 1505 1559 elapsum
1534 1523 1598 1548 ex-

206 1579 311 1624 cidit,
342 1579 379 1616 in
409 1579 452 1615 iis
482 1577 750 1621 animantibus,
781 1588 880 1625 quae
909 1576 1008 1613 lacte
1037 1576 1198 1621 aluntur,
1227 1575 1355 1612 omnis
1383 1575 1462 1612 fere
1491 1575 1600 1613 cibus

206 1650 370 1682 matrum
400 1643 609 1679 lactescere
641 1641 786 1689 incipit,
819 1652 953 1688 eaque,
985 1652 1084 1689 quae
1114 1639 1231 1688 paulo
1261 1646 1350 1676 ante
1382 1645 1472 1676 nata
1498 1646 1599 1686 sunt,

206 1709 287 1746 sine
307 1707 487 1756 magistro
508 1705 608 1743 duce
629 1712 764 1742 natura
782 1716 970 1741 mammas
991 1710 1180 1752 appetunt
1199 1715 1408 1751 earumque
1428 1703 1600 1741 ubertate

206 1779 430 1810 saturantur.
486 1772 613 1818 Atque
634 1776 675 1806 ut
695 1769 960 1817 intellegamus
989 1769 1082 1805 nihil
1110 1768 1248 1805 horum
1277 1779 1360 1804 esse
1389 1767 1598 1814 fortuitum,

206 1844 244 1874 et
273 1837 369 1873 haec
399 1835 530 1872 omnia
559 1845 642 1870 esse
671 1845 790 1881 opera
818 1832 1002 1881 providae
1032 1832 1270 1880 sollertisque
1301 1838 1471 1878 naturae,
1500 1843 1599 1880 quae

205 1901 435 1948 multiplices
466 1899 563 1935 setus
594 1904 810 1945 procreant,
842 1903 883 1933 ut
913 1908 1011 1942 sues,
1041 1904 1082 1933 ut
1112 1907 1240 1941 canes,
1271 1895 1315 1933 iis
1345 1908 1600 1933 mammarum

205 1965 297 2002 data
323 1971 381 2001 est
409 1962 614 2000 multitudo
630 1975 640 2007 ς
679 1973 773 2009 quas
804 1960 962 1998 easdem
991 1972 1136 2009 paucas
1167 1960 1311 1997 habent
1341 1971 1410 1997 eae
1441 1960 1599 2006 bestiae,

148 2041 304 2078 129quae
334 2039 460 2077 pauca
487 2027 658 2076 gignunt.
717 2025 822 2073 Quid
843 2025 984 2070 dicam,
1006 2032 1172 2073 quantus
1192 2036 1300 2061 arnor
1324 2024 1530 2062 bestiarum
1553 2025 1600 2061 sit

206 2094 244 2130 in
273 2091 486 2130 educandis
516 2089 859 2137 custodiendisque
880 2089 936 2134 iis,
957 2100 1056 2137 quae
1076 2095 1387 2137 procreaverunt,
1408 2099 1530 2137 usque
1550 2088 1601 2125 ad

205 2170 295 2195 eum
314 2157 444 2201 finem,
465 2154 558 2192 dum
578 2154 727 2203 possint
746 2165 787 2190 se
808 2153 891 2201 ipsa
910 2152 1151 2190 defendere?
1175 2153 1245 2190 etsi
1265 2153 1404 2201 pisces,
1421 2160 1462 2190 ut
1481 2153 1599 2198 aiunt,
1619 2165 1652 2189 30

205 2234 279 2260 ova
307 2234 396 2258 curn
427 2226 652 2269 genuerunt,
672 2218 891 2265 relinquunt
907 2230 916 2263 3
946 2217 1056 2254 facile
1078 2217 1181 2254 enim
1206 2217 1268 2253 illa
1295 2229 1396 2265 aqua
1424 2223 1462 2254 et
1490 2217 1599 2254 susti-

148 2289 344 2324 5‘2nentur
381 2292 419 2321 et
457 2285 576 2321 fetum
614 2281 792 2319 fundunt.
865 2281 1098 2318 Testudines
1137 2288 1267 2318 autem
1304 2287 1344 2318 et
1381 2280 1600 2318 crocodilos

206 2351 352 2394 dicunt,
388 2361 477 2385 cum
512 2348 550 2384 in
583 2353 682 2382 terra
714 2351 865 2393 partum
899 2344 1103 2389 ediderint,
1135 2345 1298 2398 obruere
1337 2357 1421 2390 ova,
1456 2344 1600 2382 deinde

207 2413 435 2458 discedere3
465 2412 517 2448 ita
543 2417 582 2447 et
609 2416 818 2446 nascuntur
846 2415 884 2446 et
913 2408 1128 2446 educantur
1157 2409 1239 2457 ipsa
1266 2421 1335 2458 per
1362 2421 1458 2446 sese.
1517 2409 1602 2446 Iam

207 2479 367 2524 gallinae
398 2486 564 2523 avesque
595 2474 763 2522 reliquae
795 2479 834 2510 et
863 2473 1035 2522 quietum
1065 2473 1261 2522 requirunt
1292 2472 1342 2511 ad
1370 2473 1600 2523 pariendum
1618 2488 1650 2514 3⁵
