1714 2807
108 983 141 1008 19

118 1042 141 1075 8

106 1692 139 1717 20

105 2201 136 2227 21

168 171 244 211 142
597 171 660 202 DE
690 171 880 203 NATURA
913 170 1122 203 DEORUM.

161 271 392 317 differemus,
414 271 520 320 quod
546 271 805 320 Chrysippum
827 271 957 308 dicere
987 272 1128 317 aiebas,
1149 272 1332 320 quoniam
1361 278 1460 309 esset
1488 272 1554 310 ali-

161 335 253 383 quid
283 336 321 372 in
349 348 475 372 rerum
504 343 649 381 natura,
671 335 777 384 quod
807 336 856 372 ab
886 335 1042 372 homine
1071 335 1171 372 effici
1201 347 1280 372 non
1309 343 1451 384 posset,
1471 347 1555 373 esse

161 399 304 447 aliquid
331 399 487 436 homine
516 400 662 445 melius,
685 411 862 448 quaeque
883 400 921 436 in
942 399 1062 436 domo
1088 399 1247 447 pulchra
1274 411 1362 436 cum
1389 399 1553 447 pulchri-

160 463 294 500 tudine
318 463 452 500 mundi
478 464 744 512 comparabas,
765 471 804 500 et
829 475 919 500 cum
946 463 1061 500 totius
1088 463 1222 499 mundi
1247 463 1554 500 convenientiam

160 539 470 575 consensumque
491 527 704 573 adferebas,
727 528 969 575 Zenonisque
994 527 1117 564 brevis
1141 534 1179 564 et
1203 527 1372 564 acutulas
1397 527 1551 564 conclu-

159 591 286 627 siones
316 591 353 627 in
382 603 469 628 eam
498 599 646 640 partem
675 592 874 636 sermonis,
895 603 1009 638 quam
1040 590 1160 627 modo
1191 591 1282 636 dixi,
1309 590 1527 628 differemus
1543 605 1553 637 ;

159 654 376 702 eodemque
407 662 581 703 tempore
613 655 674 692 illa
703 655 844 700 omnia,
873 667 972 702 quae
1002 667 1025 691 a
1053 661 1102 699 te,
1133 654 1303 703 physice,
1331 654 1435 691 dicta
1467 661 1553 691 sunt

158 718 207 755 de
237 719 274 755 vi
302 718 416 766 ignea
440 718 566 766 deque
597 731 644 755 eo
674 719 813 764 calore,
841 730 889 754 ex
919 730 996 766 quo
1025 719 1155 755 omnia
1184 718 1356 766 generari
1383 717 1552 763 dicebas,

157 782 246 819 loco
275 795 345 818 suo
370 789 611 830 quaerentur,
635 783 857 830 omniaque,
879 794 978 830 quae
1007 794 1030 818 a
1057 789 1094 818 te
1124 782 1264 819 nudius
1293 782 1424 818 tertius
1449 781 1555 818 dicta

158 852 257 891 suut,
282 858 370 882 cum
396 845 538 882 docere
562 846 678 882 velles
702 845 797 882 deos
827 857 923 890 esse,
945 857 1060 893 quare
1091 852 1129 882 et
1158 845 1326 882 mundus
1355 846 1551 883 universus

158 916 196 946 et
225 910 280 946 sol
309 916 346 946 et
375 910 465 946 luna
491 916 529 946 et
555 910 684 946 stellae
711 921 867 946 sensum
893 921 939 945 ac
967 915 1136 946 mentem
1165 909 1361 955 haberent,
1384 910 1420 946 in
1449 909 1552 946 idem

158 980 310 1022 tempus
338 975 553 1011 reservabo.
611 976 644 1010 A
672 980 710 1010 te
739 981 869 1010 autem
899 973 1005 1010 idem
1033 973 1124 1010 illud
1152 974 1268 1010 etiam
1295 981 1409 1022 atque
1437 974 1552 1010 etiam

158 1050 352 1086 quaeram,
382 1038 520 1086 quibus
553 1038 762 1075 rationibus
801 1037 868 1074 tibi
906 1037 1140 1084 persuadeas
1170 1037 1266 1074 deos
1299 1049 1394 1074 esse.
1450 1039 1552 1075 Tum

1572 865 1603 882 10

159 1102 323 1139 Balbus:
357 1102 550 1150 Equidem
574 1102 742 1138 attulisse
769 1102 936 1138 rationes
961 1101 1054 1138 mihi
1074 1101 1218 1146 videor,
1239 1101 1309 1138 sed
1339 1113 1403 1138 eas
1432 1108 1472 1138 tu
1502 1102 1553 1139 ita
1598 1108 1601 1111 “

158 1166 306 1211 refellis,
332 1173 384 1210 ut,
411 1179 500 1202 cum
531 1178 592 1202 me
622 1167 919 1214 interrogaturus
949 1177 1032 1202 esse
1056 1165 1211 1202 videare
1240 1172 1278 1202 et
1307 1177 1380 1214 ego
1410 1178 1472 1202 rne
1501 1165 1551 1203 ad

157 1229 475 1278 respondendum
503 1230 771 1278 compararim,
791 1236 951 1277 repente
979 1236 1124 1266 avertas
1151 1229 1365 1266 orationem
1389 1242 1463 1266 nec
1483 1229 1552 1267 des

157 1293 422 1342 respondendi
441 1294 583 1330 locum.
642 1295 778 1341 Itaque
803 1294 993 1330 maximae
1017 1306 1076 1330 res
1102 1294 1240 1330 tacitae
1264 1294 1550 1342 praeterierunt,

159 1358 207 1394 de
224 1358 471 1403 divinatione,
488 1357 538 1394 de
559 1358 649 1402 sato,
665 1358 803 1405 quibus
825 1357 873 1394 de
895 1357 1184 1405 quaestionibus
1204 1364 1245 1394 tu
1265 1357 1551 1406 quidemstric-

158 1423 238 1467 tim,
259 1423 377 1459 nostri
397 1429 526 1458 autem
547 1422 667 1458 multa
687 1422 811 1458 solent
831 1421 973 1467 dicere,
995 1420 1065 1458 sed
1085 1422 1134 1458 ab
1154 1421 1227 1458 hac
1247 1433 1294 1458 ea
1314 1423 1550 1470 quaestione,

158 1498 255 1534 quae
285 1498 389 1522 nunc
419 1487 457 1522 in
486 1486 662 1522 manibus
693 1492 760 1531 est,
782 1492 1016 1533 separantur.
1074 1485 1216 1533 Quare,
1238 1486 1268 1522 si
1291 1485 1452 1531 videtur,
1473 1486 1552 1524 noli

157 1562 270 1598 agere
298 1550 470 1595 confuse,
491 1557 532 1586 ut
559 1549 633 1586 hoc
661 1550 898 1598 explicemus
920 1549 992 1585 hac
1014 1548 1286 1598 disputatione,
1308 1549 1414 1598 quod
1434 1562 1551 1598 quae—

156 1615 260 1651 ritur.

211 1679 382 1726 Optime,
412 1679 534 1726 inquit
568 1679 694 1715 Cotta.
754 1679 890 1726 Itaque
921 1677 1103 1726 quoniam
1133 1684 1312 1725 quattuor
1348 1678 1386 1714 in
1425 1684 1551 1726 partes

156 1749 277 1778 totam
297 1743 564 1790 quaestionem
585 1742 742 1778 divisisti
764 1741 813 1778 de
840 1742 1039 1790 primaque
1061 1741 1239 1787 diximus,
1261 1741 1551 1779 consideremus

157 1805 394 1852 secundam3
425 1818 523 1854 quae
557 1805 649 1842 mihi
683 1806 766 1842 talis
798 1805 948 1842 videtur
980 1806 1106 1850 fuisse,
1137 1812 1190 1851 ut,
1220 1817 1312 1842 cum
1345 1805 1550 1843 ostendere

156 1870 283 1915 velles,
301 1870 431 1918 quales
452 1869 491 1906 di
511 1876 650 1914 essent,
672 1869 895 1905 ostenderes
916 1870 1040 1906 nullos
1061 1881 1157 1906 esse.
1214 1871 1248 1906 A
1268 1870 1550 1907 consuetudine

157 1934 260 1970 enim
299 1934 500 1970 oculorum
537 1934 707 1969 animum
746 1932 940 1969 abducere
971 1932 1238 1970 difficillimum
1267 1933 1437 1979 dicebas,
1467 1933 1549 1979 sed,

157 2010 245 2034 cum
271 1997 347 2034 deo
376 1998 469 2034 nihil
498 1997 750 2045 praestantius
781 2004 893 2042 esset,
921 2009 1000 2034 non
1027 1996 1241 2042 dubitabas,
1263 1998 1355 2045 quin
1383 1997 1550 2035 mundus

157 2068 256 2098 esset
273 2061 381 2106 deus,
399 2074 477 2109 quo
493 2061 585 2098 nihil
606 2061 643 2097 in
664 2073 788 2097 rerum
810 2068 945 2097 natura
965 2061 1100 2098 melius
1116 2068 1227 2098 esset.
1277 2061 1403 2098 Modo
1419 2073 1549 2110 posse-

156 2138 241 2162 mus
270 2137 359 2162 eum
389 2126 623 2162 animantem
653 2126 821 2173 cogitare
850 2125 911 2161 vel
939 2125 1079 2173 potius,
1106 2132 1148 2161 ut
1177 2132 1306 2162 cetera
1335 2126 1468 2171 oculis,
1495 2127 1549 2163 sic

156 2189 285 2226 animo
315 2189 390 2226 hoc
420 2191 602 2226 cernere!
660 2189 735 2226 Sed
770 2201 859 2226 cum
893 2189 1042 2226 mundo
1076 2201 1194 2237 negas
1224 2190 1431 2237 quicquam
1465 2201 1549 2226 esse

155 2253 302 2298 melius,
321 2253 414 2301 quid
435 2253 531 2289 dicis
552 2253 714 2289 melius?
769 2253 806 2289 Si
827 2253 1032 2301 pulchrius,
1055 2252 1275 2299 adsentior;
1305 2254 1334 2290 si
1355 2254 1479 2301 aptius
1499 2253 1549 2290 ad

154 2317 334 2353 utilitates
354 2324 513 2361 nostras,
536 2316 574 2352 id
595 2329 750 2364 quoque
772 2316 991 2362 adsentior;
1021 2317 1078 2353 sin
1108 2324 1237 2353 autem
1263 2317 1302 2354 id
1327 2317 1435 2363 dicis,
1456 2317 1550 2354 nihil

155 2393 238 2417 esse
260 2380 407 2417 mundo
427 2381 648 2428 sapientius,
670 2380 776 2417 nullo
796 2379 916 2417 modo
936 2393 1089 2428 prorsus
1113 2380 1321 2426 adsentior,
1342 2393 1421 2418 non
1441 2381 1548 2429 quod

154 2444 308 2482 difficile
339 2445 385 2482 sit
415 2451 585 2482 mentem
612 2445 660 2481 ab
681 2445 802 2482 oculis
830 2457 1023 2492 sevocare,
1044 2444 1114 2482 sed
1134 2457 1212 2493 quo
1242 2445 1362 2494 magis
1391 2457 1546 2491 sevoco,

1571 1185 1602 1208 ¹5

1569 1503 1603 1520 20

1569 1826 1600 1850 25

1568 2145 1600 2169 30

1566 2462 1597 2487 35
