1714 2807
113 843 144 869 31

113 1479 146 1505 33

113 2255 146 2280 34

161 153 214 191 42
599 153 662 183 DE
692 152 881 184 NATURA
911 153 1119 184 DEORUM.

163 260 277 301 neget
315 266 442 302 posse,
478 254 515 291 in
551 255 699 302 Legum
733 260 862 290 autem
896 254 1010 300 libris,
1045 253 1138 302 quid
1173 255 1220 292 sit
1253 254 1413 292 omnino
1447 254 1555 301 deus,

164 318 310 365 anquiri
345 324 522 366 oportere
556 330 634 354 non
669 324 838 354 censeat.
897 317 1015 365 Quod
1044 330 1134 355 vero
1168 319 1249 355 sine
1283 331 1445 367 corpore
1479 319 1563 356 ullo.

164 381 281 418 deum
319 382 396 418 vult
435 394 531 427 esse,
566 389 607 418 ut
646 382 786 419 Graeci
819 381 966 427 dicunt,
1003 382 1209 430 ἀσώματον,
1245 382 1284 419 id
1322 383 1434 430 quale
1472 394 1556 419 esse

163 446 295 494 possit,
330 446 496 493 intellegi
530 458 608 482 non
643 452 797 493 potest3
827 452 956 482 careat
994 445 1097 482 enim
1135 457 1249 482 sensu
1288 457 1448 482 necesse
1487 452 1556 491 est,

164 517 292 546 careat
318 510 432 546 etiam
460 509 676 558 prudentia,
699 516 826 546 careat
845 510 1040 557 voluptate
1057 523 1067 555 3
1097 521 1196 557 quae
1221 510 1352 547 omnia
1371 521 1448 546 una
1467 521 1556 546 cum

164 574 326 611 deorum
359 575 518 611 notione
554 574 935 622 comprehendimus.
996 573 1108 610 Idem
1138 580 1176 610 et
1205 574 1242 610 in
1272 574 1435 610 Timaeo
1464 573 1558 610 dicit

164 645 202 675 et
235 639 273 675 in
309 639 474 686 Legibus
509 645 546 675 et
579 638 769 675 mundum
799 638 917 675 deum
947 650 1030 674 esse
1065 644 1103 674 et
1138 638 1288 674 caelum
1322 644 1360 674 et
1393 645 1492 674 astra
1520 643 1558 674 et

165 710 302 739 terram
332 710 370 739 et
398 703 546 739 animos
576 709 614 739 et
643 715 722 747 eos,
752 714 850 750 quos
880 703 1068 739 maiorum
1098 702 1275 739 institutis
1309 702 1531 750 accepimus
1547 715 1558 748 3

164 779 264 815 quae
303 774 342 804 et
378 779 447 815 per
483 779 524 803 se
558 773 646 804 sunt
679 767 770 803 salsa
803 767 1005 815 perspicue
1040 773 1078 803 et
1112 766 1209 803 inter
1241 778 1282 803 se
1311 765 1560 802 vehementer

164 831 427 879 repugnantia.
485 833 611 879 Atque
633 831 749 867 etiam
770 831 991 878 Xenophon
1012 829 1257 878 paucioribus
1273 830 1397 867 verbis
1418 829 1556 866 eadem

165 895 241 931 sere
275 903 439 943 peccat;
474 896 563 932 facit
597 895 699 932 enim
734 895 771 931 in
806 895 860 939 iis,
891 906 990 943 quae
1025 907 1045 931 a
1081 895 1237 932 Socrate
1267 893 1373 931 dicta
1404 894 1558 940 rettulit,

165 961 362 997 Socratem
392 959 654 1008 disputantem
683 959 845 996 formam
874 959 937 996 dei
968 959 1099 1007 quaeri
1132 971 1211 995 non
1243 966 1434 1007 oportere,
1464 970 1557 995 eun—

1577 845 1610 861 10

165 1023 334 1072 demque
355 1030 393 1060 et
412 1024 533 1060 solem
555 1030 592 1060 et
612 1024 783 1060 animum
805 1023 923 1060 deum
944 1023 1086 1068 dicere,
1108 1030 1146 1059 et
1176 1023 1294 1060 modo
1323 1036 1455 1068 unum,
1476 1029 1559 1060 tum
1601 1069 1604 1071 ‚

165 1095 295 1124 autem
314 1088 441 1136 plures
462 1088 583 1134 deos3
615 1100 713 1136 quae
744 1095 832 1124 sunt
861 1087 984 1124 isdem
1012 1088 1049 1124 in
1077 1087 1205 1124 erratis
1230 1087 1320 1133 fere,
1341 1087 1480 1135 quibus
1500 1099 1557 1133 ea,

108 1141 266 1210 {gquae
300 1152 350 1189 de
391 1152 550 1189 Platone
585 1151 762 1188 diximus.
827 1153 954 1199 Atque
993 1152 1108 1188 etiam
1148 1151 1395 1188 Antisthenes
1434 1152 1471 1188 in
1510 1162 1558 1188 eo

164 1216 272 1262 libro,
293 1217 359 1264 qui
385 1216 565 1265 physicus
592 1216 819 1261 inscribitur,
841 1216 1034 1263 popularis
1056 1215 1151 1252 deos
1177 1216 1327 1261 multos,
1348 1215 1559 1252 naturalem

164 1293 284 1317 unum
313 1293 396 1318 esse
427 1280 559 1317 dicens
590 1281 685 1317 tollit
715 1280 791 1316 vim
820 1287 857 1316 et
887 1286 1059 1316 naturam
1090 1280 1265 1317 deorum.
1323 1280 1408 1316 Nec
1438 1280 1559 1317 multo

164 1357 276 1382 secus
318 1345 555 1393 Speusippus
600 1345 798 1381 Platonem
847 1344 1079 1380 avunculum
1127 1344 1367 1392 subsequens
1406 1351 1445 1381 et
1481 1345 1559 1381 vim

164 1409 361 1458 quandam
382 1409 528 1455 dicens,
550 1421 628 1457 qua
655 1409 787 1445 onmia
815 1415 1004 1457 regantur,
1027 1420 1191 1456 eamque
1220 1409 1437 1454 animalem,
1459 1409 1558 1445 evel-

164 1473 241 1510 lere
265 1486 313 1510 ex
335 1474 471 1510 animis
495 1480 656 1510 conatur
679 1473 942 1521 cognitionem
963 1472 1138 1509 deorum.
1196 1473 1496 1521 Aristotelesque
1520 1473 1559 1510 in

164 1538 276 1575 tertio
295 1537 345 1574 de
372 1537 616 1586 philosophia
640 1537 735 1574 libro
759 1537 879 1574 multa
905 1537 1030 1573 turbat
1055 1548 1077 1573 a
1100 1537 1280 1585 magistro
1305 1549 1376 1574 suo
1401 1537 1559 1574 Platone

166 1615 241 1639 non
263 1602 492 1639 dissentiens
508 1615 518 1648 3
547 1601 668 1638 modo
690 1602 794 1638 enim
823 1601 943 1637 menti
969 1601 1099 1637 tribuit
1127 1613 1285 1637 omnem
1307 1600 1558 1648 divinitatem,

165 1666 284 1703 modo
316 1666 505 1703 mundum
538 1666 666 1714 ipsum
687 1665 805 1702 deum
833 1665 926 1701 dicit
957 1676 1053 1710 esse,
1075 1664 1196 1701 modo
1227 1665 1341 1701 alium
1362 1664 1559 1713 quendam

163 1731 337 1780 praeficit
365 1730 512 1767 mundo
533 1730 646 1777 eique
669 1742 733 1766 eas
754 1729 869 1777 partis
889 1729 1029 1774 tribuit,
1051 1735 1092 1765 ut
1121 1729 1369 1777 replicatione
1391 1729 1559 1777 quadarn

163 1794 299 1831 mundi
330 1802 478 1831 motum
509 1800 615 1842 regat
649 1802 763 1841 atque
798 1800 958 1837 tueatur,
989 1799 1069 1829 tum
1104 1793 1200 1830 caeli
1235 1793 1410 1830 ardorem
1440 1793 1558 1831 deum

165 1859 258 1896 dicit
279 1871 362 1895 esse
382 1871 460 1896 non
481 1859 704 1907 intellegens
725 1858 875 1894 caelum
905 1857 1040 1894 mundi
1061 1870 1144 1894 esse
1166 1865 1327 1906 partem,
1348 1870 1464 1907 quem
1485 1859 1559 1896 alio

164 1924 252 1961 loco
281 1924 361 1972 ipse
383 1923 589 1971 designarit
613 1922 743 1960 deum.
803 1922 892 1970 Quo
912 1922 1032 1959 modo
1054 1929 1183 1959 autem
1204 1923 1299 1959 caeli
1320 1922 1469 1960 divinus
1499 1924 1559 1960 ille

165 2000 297 2025 sensus
326 1988 365 2024 in
389 1987 580 2024 celeritate
602 1994 707 2023 tanta
727 1987 942 2023 conservari
971 1993 1063 2034 pote
1086 1987 1127 2023 t?
1155 1986 1220 2024 ubi
1249 1986 1392 2024 deinde
1424 1987 1473 2024 illi
1503 1994 1560 2025 tot

165 2051 216 2097 di,
241 2052 271 2088 si
300 2063 545 2088 numeramus
577 2051 693 2087 etiam
727 2051 878 2087 caelum
913 2050 1030 2087 deum
1042 1998 1182 2097 ?icum
1213 2057 1343 2088 autern
1369 2052 1449 2088 sine
1476 2063 1558 2089 cor-

164 2128 257 2164 pore
279 2115 382 2152 idem
403 2116 481 2152 vult
501 2127 584 2152 esse
613 2115 742 2160 deum,
765 2115 870 2152 omni
901 2115 1003 2151 illum
1033 2127 1147 2152 sensu
1177 2115 1310 2164 privat,
1332 2116 1447 2152 etiam
1466 2127 1559 2165 ·pru-

165 2180 306 2217 dentia.
365 2181 454 2227 Quo
474 2192 588 2228 porro
620 2179 740 2216 modo
761 2179 858 2216 deus
887 2179 1031 2216 moveri
1061 2192 1195 2216 carens
1215 2191 1377 2228 corpore
1398 2169 1560 2229 authuo

166 2244 284 2281 modo
311 2256 464 2292 semper
492 2255 532 2280 se
562 2255 721 2280 movens
754 2255 837 2279 esse
858 2243 1009 2291 quietus
1041 2250 1078 2280 et
1108 2244 1242 2281 beatus
1263 2245 1419 2292 potest?
1474 2245 1559 2281 Nec

164 2321 253 2345 vero
275 2308 354 2345 eius
384 2307 673 2355 condiscipulus
698 2308 935 2344 Xenocrates
970 2307 1008 2344 in
1042 2307 1116 2344 hoc
1150 2320 1289 2356 genere
1324 2308 1558 2357 prudentior,

169 2373 276 2409 cuius
297 2374 334 2409 in
354 2373 467 2417 libris,
489 2372 553 2419 qui
583 2378 669 2408 sunt
690 2371 739 2408 de
769 2378 903 2408 natura
931 2371 1106 2418 deorum,
1127 2373 1229 2409 nulla
1262 2373 1412 2421 species
1432 2372 1561 2410 divina

165 2436 418 2485 describitur3
456 2435 552 2473 deos
590 2435 693 2472 enim
727 2441 818 2472 octo
852 2447 934 2473 esse
969 2435 1074 2482 dicit,
1106 2436 1276 2485 quinque
1311 2448 1390 2484 eos,
1421 2437 1488 2486 qui
1520 2437 1559 2474 in

1579 1167 1608 1191 ¹⁵

1578 1490 1610 1506 20

1577 1813 1609 1838 ²5

1579 2135 1612 2158 30

1578 2452 1609 2476 35

1669 2777 1688 2807 ιθ
