1681 2752
450 168 534 200 Lm.
559 169 604 200 11.
650 169 931 207 CAP.XV,XVI.
979 171 1018 210 ξς·
1037 170 1152 210 38-44.
1439 174 1488 214 91

99 269 227 317 Negat
247 281 338 318 ergo
358 281 442 307 esse
462 269 635 315 dubium,
657 269 793 307 horum
825 271 968 318 ignium
989 271 1044 307 sol
1065 272 1135 307 utri
1167 271 1296 308 similis
1325 272 1383 317 sit,
1405 285 1494 309 cum

98 334 126 370 is
147 346 302 382 quoque
323 333 476 378 efficiat,
498 341 539 370 ut
565 334 697 370 omnia
727 334 886 371 floreant
917 341 954 370 et
985 335 1023 371 in
1054 347 1124 371 suo
1153 348 1330 383 quaeque
1355 348 1494 383 genere

96 399 322 446 pubescant.
381 398 509 446 Quare
531 411 620 435 cum
640 399 728 435 solis
750 399 845 447 ignis
865 399 994 435 similis
1023 412 1156 436 eorum
1186 401 1330 447 ignium
1352 402 1408 446 sit,
1430 402 1494 448 qui

96 470 183 499 sunt
204 463 241 499 in
262 463 487 510 corporibus
517 462 783 508 animantium,
805 463 926 500 solem
957 475 1113 511 quoque
1145 465 1379 500 animantem
1412 477 1494 501 esse

55 539 69 562 5
96 533 258 575 oportet,
276 533 314 563 et
329 525 487 574 quidem
509 526 656 574 reliqua
676 534 785 571 astra,
803 539 902 575 quae
923 527 1091 563 oriantur
1110 527 1148 563 in
1169 527 1304 564 ardore
1326 529 1493 574 caelesti,

95 591 159 639 qui
179 590 311 628 aether
330 591 389 628 vel
418 590 569 626 caelum
591 591 821 627 nominatur.
879 592 980 628 Cum
1010 591 1121 639 igitur
1141 592 1299 628 aliorum
1322 593 1492 629 animan-
1512 605 1544 630 42

94 655 188 692 tium
209 662 312 692 ortus
332 655 370 692 in
391 661 489 692 terra
508 654 566 699 sit,
590 654 750 691 aliorum
780 655 818 691 in
849 666 961 702 aqua,
983 655 1020 691 in
1052 655 1138 692 a'ere
1170 656 1342 701 aliorum,
1365 657 1493 693 absur-

94 719 187 755 dum
218 731 301 756 esse
330 719 522 756 Aristoteli
541 718 692 755 videtur
724 719 761 755 in
794 730 840 755 ea
865 725 984 766 parte,
1006 730 1104 766 quae
1139 720 1186 756 sit
1219 719 1268 756 ad
1299 721 1495 768 gignenda

93 783 301 820 animantia
321 783 527 831 aptissima,
549 783 688 820 animal
709 782 814 831 gigni
842 783 988 819 nullum
1009 790 1155 831 putare.
1213 783 1345 821 Sidera
1365 791 1493 821 autem

46 860 77 876 ¹0
95 847 305 884 aetherium
343 847 473 884 locum
512 847 713 894 obtinent3
759 847 824 894 qui
864 848 1048 895 quoniam
1082 847 1326 884 tenuissimus
1361 856 1418 885 est
1456 856 1494 885 et

94 923 247 960 semper
266 912 427 960 agitatur
446 919 485 949 et
503 912 616 960 viget,
637 923 796 949 necesse
819 918 888 957 est,
911 911 1017 959 quod
1047 912 1188 948 animal
1217 912 1254 948 in
1285 924 1332 949 eo
1361 913 1491 960 gigna-

93 982 163 1021 tur,
184 975 224 1012 id
244 982 282 1013 et
310 988 424 1013 sensu
453 976 639 1013 acerrimo
670 982 708 1013 et
739 976 950 1013 mobilitate
982 976 1180 1012 celerrima
1211 988 1305 1013 esse.
1364 978 1493 1024 Quare

93 1052 183 1077 curn
203 1040 241 1077 in
261 1040 415 1077 aethere
436 1047 534 1077 astra
553 1041 767 1089 gignantur,
789 1048 1095 1078 consentaneum
1116 1048 1174 1077 est
1199 1041 1236 1077 in
1267 1041 1309 1077 iis
1339 1054 1493 1078 sensum

91 1104 216 1141 inesse
255 1111 293 1141 et
325 1104 636 1153 intellegentiam,
666 1117 714 1142 ex
746 1117 824 1153 quo
856 1105 1017 1142 efficitur
1054 1105 1092 1141 in
1132 1105 1294 1142 deorum
1332 1118 1493 1143 numero

45 1181 74 1205 ¹5
93 1175 191 1205 astra
210 1180 294 1206 esse
314 1168 507 1206 ducenda.
566 1169 721 1206 Etenim
749 1170 840 1206 licet
858 1169 988 1206 videre
1019 1170 1190 1206 acutiora
1209 1170 1362 1218 ingenia
1383 1178 1420 1207 et
1439 1170 1490 1208 ad
1511 1169 1559 1204 16

92 1232 393 1281 intellegendum
413 1234 561 1282 aptiora
589 1245 734 1280 eorum,
756 1234 821 1282 qui
850 1240 966 1271 terras
997 1234 1168 1270 incolant
1197 1246 1272 1280 eas,
1295 1235 1332 1271 in
1353 1236 1491 1283 quibus

91 1297 156 1334 aet
175 1298 222 1334 sit
241 1309 356 1346 purus
377 1310 422 1335 ac
452 1298 589 1343 tenuis,
611 1310 728 1346 quam
758 1299 919 1344 illorum,
942 1299 1007 1346 qui
1036 1306 1192 1335 utantur
1222 1311 1351 1337 crasso
1383 1301 1491 1337 caelo

90 1368 206 1410 atque
235 1369 431 1399 concreto.
489 1362 594 1410 Quin
623 1363 738 1399 etiam
770 1363 859 1400 cibo
880 1375 958 1411 quo
991 1370 1109 1409 utare,
1131 1364 1314 1401 interesse
1347 1365 1490 1413 aliquid
1508 1369 1541 1395 43

90 1425 140 1462 ad
161 1426 298 1462 mentis
318 1426 443 1463 aciem
462 1433 610 1474 putant.
668 1427 870 1464 Probabile
891 1434 948 1464 est
969 1428 1080 1476 igitur
1100 1436 1360 1476 praestantem
1382 1430 1489 1467 intel·

41 1490 295 1538 2olegentiam
326 1491 364 1527 in
398 1490 584 1528 sideribus
617 1503 714 1537 esse,
744 1503 842 1539 quae
877 1499 915 1529 et
941 1493 1150 1530 aetheriam
1176 1500 1324 1542 partem
1355 1495 1491 1532 mundi

90 1554 260 1591 incolant
293 1561 331 1592 et
362 1555 515 1592 marinis
553 1556 789 1604 terrenisque
821 1557 1018 1594 umoribus
1050 1558 1166 1606 longo
1197 1559 1394 1596 intervallo
1426 1572 1489 1597 ex-

89 1618 252 1655 tenuatis
273 1618 431 1656 alantur.
487 1620 649 1657 Sensum
669 1628 798 1657 autem
827 1628 1015 1659 astrorum
1043 1629 1159 1671 atque
1189 1623 1489 1671 intellegentiam

89 1694 268 1720 maxume
289 1683 456 1720 declarat
477 1683 573 1721 ordo
594 1696 727 1721 eorum
747 1692 863 1733 atque
897 1688 1115 1724 constantia
1141 1687 1254 1736 (nihil
1285 1696 1341 1725 est
1373 1690 1488 1735 enim,

89 1746 193 1794 quod
225 1748 370 1784 ratione
403 1754 441 1784 et
470 1760 632 1786 numero
663 1750 809 1787 moveri
838 1751 960 1799 possit
993 1752 1075 1788 sine
1110 1752 1311 1799 consilio),
1341 1754 1380 1790 in
1411 1766 1489 1802 quo

39 1824 70 1848 25
88 1810 181 1847 nihil
201 1818 257 1848 est
275 1812 531 1858 temerarium,
552 1813 645 1850 nihil
663 1814 820 1860 varium,
842 1816 934 1852 nihil
963 1816 1172 1853 fortuitum.
1230 1817 1339 1855 Ordo
1360 1825 1489 1855 autem

88 1874 256 1912 siderum
276 1882 315 1912 et
334 1876 372 1912 in
392 1877 499 1913 omni
519 1878 744 1915 aeternitate
766 1880 982 1917 constantia
1002 1893 1129 1929 neque
1150 1888 1325 1918 naturam
1346 1883 1488 1931 signifi-

88 1945 150 1976 cat
194 1941 271 1988 (est
308 1941 412 1977 enim
449 1941 565 1989 plena
601 1943 778 1991 rationis)
824 1952 952 1992 neque
991 1945 1196 1991 fortunam,
1225 1957 1324 1994 quae
1363 1947 1489 1984 amica

87 2003 255 2040 varietati
275 2005 533 2042 constantiam
553 2007 710 2055 respuit.
769 2008 948 2056 Sequitur
963 2020 1066 2057 erg0‚
1083 2015 1125 2046 ut
1144 2009 1229 2058 ipsa
1247 2022 1316 2047 sua
1335 2018 1486 2059 sponte,

87 2079 156 2104 suo
177 2079 289 2105 sensu
318 2081 363 2105 ac
393 2069 589 2108 divinitate
619 2079 857 2109 moveantur.
916 2073 1002 2110 Nec
1030 2085 1122 2110 vero
1153 2074 1376 2112 Aristoteles
1406 2088 1483 2112 non
1503 2082 1536 2108 44

38 2144 70 2167 30
87 2131 300 2169 laudandus
331 2140 388 2170 est
419 2134 457 2170 in
491 2147 551 2181 eo,
576 2135 684 2183 quod
717 2137 859 2181 omnia,
881 2149 980 2185 quae
1013 2145 1228 2183 moventur,
1259 2146 1323 2175 aut
1353 2146 1487 2176 natura

88 2196 230 2232 moveri
261 2198 410 2234 censuit
443 2206 508 2236 aut
538 2199 574 2236 vi
607 2206 672 2236 aut
701 2200 897 2238 voluntate
914 2214 923 2247 ;
954 2202 1099 2238 moveri
1133 2209 1263 2239 autem
1293 2203 1413 2240 solem
1449 2211 1486 2240 et

86 2259 214 2297 lunam
245 2267 283 2298 et
313 2261 439 2299 sidera
469 2264 625 2309 omnia3
655 2276 755 2311 quae
786 2271 914 2302 autem
946 2273 1080 2302 natura
1111 2274 1366 2312 moverentur,
1389 2268 1485 2304 haec

87 2331 151 2360 aut
180 2325 355 2372 pondere
387 2326 568 2364 deorsum
600 2334 666 2364 aut
695 2328 847 2365 levitate
884 2327 965 2379 [in]
1005 2330 1167 2367 sublime
1198 2331 1295 2375 ferri,
1321 2343 1484 2379 quorum

85 2395 262 2426 neutrum
297 2390 403 2426 astris
443 2391 694 2439 contingeret,
726 2399 931 2440 propterea
964 2393 1071 2441 quod
1110 2406 1243 2431 eorum
1281 2402 1407 2431 motus
1446 2396 1484 2432 in

36 2465 68 2489 ³5
89 2452 223 2489 orbern
257 2453 480 2501 circumque
513 2454 682 2492 ferretur.
740 2456 826 2492 Nec
854 2468 946 2494 vero
979 2457 1058 2494 dici
1095 2465 1222 2506 potest
1249 2458 1286 2495 vi
1315 2458 1484 2507 quadam
