1714 2807
157 121 208 170 58
593 131 656 161 DE
686 131 878 164 NATURA
909 131 1120 164 DEORUM.

154 237 218 268 aut
256 231 444 269 mundum
483 238 547 269 aut
585 240 757 270 mentem
796 233 962 281 aliquam
1000 234 1276 282 sempiternam
1313 233 1352 271 in
1386 232 1548 271 deorum

154 307 315 331 numero
354 297 528 343 ponere?
584 297 829 344 ‘Numquam
859 296 968 342 vidi’,
1000 297 1133 344 inquit,
1169 299 1355 334 ‘animam
1393 298 1548 334 rationis

155 359 379 406 consiliique
409 360 639 408 participem
664 360 702 396 in
726 361 800 396 ulla
819 360 891 396 alia
915 361 985 397 nisi
1012 360 1179 397 humana
1208 362 1359 409 figura’.
1417 360 1549 408 Quid?

154 423 243 460 solis
290 424 571 471 numquidnam
613 430 679 460 aut
716 424 829 460 lunae
871 431 936 461 aut
981 425 1152 473 quinque
1198 426 1403 462 errantium
1448 425 1547 461 side—

153 499 236 524 rum
281 487 403 524 simile
449 487 605 525 vidisti?
674 488 738 526 Sol
785 487 934 525 duabus
982 489 1094 525 unius
1138 489 1238 526 orbis
1281 489 1421 525 ultimis
1462 500 1546 537 par·
1574 501 1589 526 s

153 551 253 588 tibus
291 551 480 588 definiens
519 559 670 589 motum
711 564 843 589 cursus
882 564 1031 589 annuos
1074 553 1256 599 conficit3
1299 553 1410 589 huius
1447 552 1548 589 hanc

153 615 417 652 lustrationem
465 616 640 653 eiusdem
682 617 841 653 incensa
883 616 997 653 radiis
1047 623 1242 653 menstruo
1290 617 1412 665 spatio
1459 616 1549 652 luna

154 680 350 728 complet;
381 680 553 728 quinque
577 687 708 717 autern
733 681 863 717 stellae
890 680 1061 718 eundem
1085 681 1219 717 orbem
1243 687 1431 725 tenentes,
1452 680 1546 716 aliae

153 745 309 792 propius
349 756 372 781 a
418 745 537 791 terris,
569 745 663 781 aliae
702 745 898 791 remotius,
936 745 986 782 ab
1024 744 1148 782 isdem
1185 744 1381 793 principiis
1419 744 1546 793 dispa-

101 809 254 845 ssribus
291 809 530 857 temporibus
567 809 708 846 eadem
745 809 868 857 spatia
905 809 1128 846 conficiunt.
1197 809 1302 846 Num
1334 808 1428 857 quid
1459 809 1544 854 tale,
1566 824 1598 841 10

154 873 333 921 Epicure,
367 873 522 910 vidisti?
578 874 640 910 Ne
674 873 721 910 sit
749 873 861 921 igitur
889 873 958 919 sol,
984 885 1034 910 ne
1063 874 1164 919 luna,
1195 885 1244 910 ne
1274 873 1417 919 stellae,
1451 884 1545 921 quo-

151 937 256 973 niam
275 937 368 974 nihil
388 949 470 974 esse
490 943 631 986 potest,
655 937 727 974 nisi
756 936 864 985 quod
892 938 1085 986 attigimus
1113 945 1178 974 aut
1206 937 1371 974 vidimus
1385 950 1396 984 3
1426 937 1548 985 quid?

152 1001 271 1038 deum
297 1001 424 1049 ipsum
452 1014 598 1038 numne
626 1001 781 1038 vidisti?
836 1002 915 1039 Cur
943 1002 1055 1050 igitur
1082 1001 1208 1038 credis
1239 1002 1350 1038 esse?
1405 1001 1548 1039 Omnia

152 1066 327 1102 tollamus
361 1078 465 1114 ergo,
497 1078 594 1114 quae
625 1072 690 1102 aut
721 1066 877 1103 historia
905 1066 1016 1103 nobis
1047 1073 1111 1102 aut
1144 1066 1239 1102 ratio
1273 1078 1374 1102 nova
1411 1064 1546 1103 adfert.
1594 1070 1598 1072 ’

152 1130 213 1167 Ita
244 1130 298 1175 fit,
329 1136 370 1166 ut
400 1129 670 1167 mediterranei
704 1142 807 1167 mare
839 1142 922 1167 esse
961 1142 1040 1167 non
1078 1129 1250 1167 credant.
1309 1130 1420 1177 Quae
1459 1136 1546 1167 sunt
1565 1147 1596 1171 ις

150 1200 279 1230 tantae
311 1194 428 1231 animi
458 1194 684 1242 angustiae?
737 1195 804 1240 Ut,
837 1195 867 1231 si
899 1194 1047 1242 Seriphi
1079 1202 1189 1231 natus
1223 1206 1327 1231 esses
1358 1206 1431 1231 nec
1462 1207 1545 1231 um-

151 1270 268 1306 quam
289 1270 462 1306 egressus
482 1270 530 1295 ex
549 1259 682 1304 insula,
703 1259 741 1295 in
761 1271 838 1306 qua
861 1259 1080 1307 lepusculos
1100 1258 1399 1307 vulpeculasque
1429 1270 1544 1307 saepe

150 1322 322 1368 vidisses,
343 1334 422 1359 non
443 1322 620 1360 crederes
639 1323 771 1359 leones
792 1330 830 1359 et
850 1323 1056 1371 pantheras
1077 1335 1173 1368 esse,
1195 1335 1284 1360 cum
1314 1323 1395 1369 tibi,
1414 1323 1545 1370 quales

151 1393 291 1433 essent,
330 1386 547 1434 diceretur;
586 1387 617 1423 si
654 1398 745 1424 vero
784 1386 833 1424 de
872 1386 1079 1435 elephanto
1113 1387 1197 1435 quis
1236 1386 1394 1433 diceret,
1430 1388 1545 1424 etiam

99 1453 134 1479 89
151 1450 264 1487 rideri
293 1457 329 1487 te
353 1458 518 1499 putares.
576 1452 627 1488 Et
655 1458 695 1488 tu
725 1451 896 1499 quidem,
917 1451 1051 1498 Vellei,
1072 1463 1152 1488 non
1180 1458 1307 1488 vestro
1335 1464 1454 1497 more,
1475 1451 1545 1490 sed
1564 1469 1596 1486 20

151 1513 453 1561 dialecticorum,
477 1527 576 1563 quae
600 1515 771 1553 funditus
799 1527 893 1564 gens
921 1522 1046 1553 vestra
1073 1527 1153 1552 non
1182 1516 1299 1561 novit,
1320 1523 1546 1564 argumenta

151 1580 362 1615 sententiae
397 1580 640 1616 conclusisti:
666 1580 819 1617 “Beatos
845 1591 929 1617 esse
959 1579 1055 1617 deos
1085 1580 1290 1628 sumpsisti.
1349 1580 1543 1618 Concedi-

91 1645 249 1681 32mus.
307 1644 470 1680 Beatum
507 1650 636 1680 autem
673 1644 755 1680 sine
789 1644 924 1681 virtute
958 1644 1155 1681 neminem
1190 1656 1273 1682 esse
1311 1656 1438 1693 posse.
1496 1644 1545 1682 Id

150 1719 306 1755 quoque
336 1707 485 1754 damus,
515 1714 553 1744 et
581 1708 741 1745 libenter
770 1707 942 1756 quidem.
998 1709 1190 1746 Virtutem
1218 1716 1347 1746 autem
1376 1709 1457 1746 sine
1486 1721 1543 1746 ra-

149 1772 253 1808 tione
285 1778 460 1809 constare
489 1783 569 1809 non
596 1784 722 1820 posse.
782 1772 998 1810 Conveniat
1026 1773 1066 1810 id
1096 1785 1252 1822 quoque
1282 1785 1441 1810 necesse
1473 1780 1542 1811 est.
1561 1792 1594 1817 25

150 1835 337 1884 Adiungis
354 1849 361 1872 :
393 1847 468 1872 nec
486 1836 674 1873 rationem
696 1848 779 1873 esse
800 1837 871 1874 nisi
892 1837 930 1874 in
951 1837 1118 1875 hominis
1138 1837 1269 1886 figura.
1327 1837 1455 1885 Quem
1475 1837 1543 1875 tibi

150 1899 227 1936 hoc
247 1899 422 1936 daturum
444 1900 584 1948 putas?
611 1900 642 1937 si
662 1901 765 1937 enim
787 1902 838 1938 ita
857 1908 970 1947 esset,
991 1901 1085 1950 quid
1111 1913 1209 1950 opus
1234 1908 1313 1938 erat
1342 1908 1379 1938 te
1408 1901 1542 1950 grada-

149 1964 218 2000 tim
256 1964 352 2000 istuc
390 1965 618 2012 pervenire?
655 1967 882 2014 sumpsisses
921 1972 987 2003 tuo
1026 1966 1118 2004 iure.
1176 1966 1283 2014 Quid
1319 1973 1448 2003 autem
1486 1972 1543 2003 est

149 2028 246 2064 istuc
266 2027 482 2076 gradatim?
509 2041 599 2065 nam
619 2041 641 2065 a
661 2029 782 2067 beatis
802 2029 852 2066 ad
872 2030 1061 2076 virtutem,
1083 2043 1105 2067 a
1124 2031 1260 2068 virtute
1281 2030 1330 2067 ad
1356 2030 1542 2067 rationem

147 2091 262 2128 video
283 2099 320 2128 te
339 2092 489 2129 venisse
509 2092 689 2140 gradibus
706 2107 715 2139 3
745 2105 768 2130 a
787 2094 934 2131 ratione
961 2093 1011 2131 ad
1037 2095 1247 2132 humanam
1275 2096 1434 2144 figuram
1464 2106 1542 2143 quo
1561 2112 1594 2136 30

149 2155 269 2192 modo
289 2155 474 2192 accedis?
526 2157 780 2204 Praecipitare
802 2157 899 2194 istuc
920 2158 1080 2206 quidem
1100 2166 1168 2205 est,
1190 2171 1270 2196 non
1290 2158 1539 2196 descendere.

98 2222 131 2248 ⁹0
150 2219 236 2255 Nec
256 2231 346 2256 vero
366 2219 558 2267 intellego,
580 2232 648 2256 cur
666 2221 840 2257 maluerit
865 2222 1054 2269 Epicurus
1083 2222 1180 2260 deos
1209 2223 1410 2260 hominum
1439 2223 1540 2260 simi-

148 2282 202 2319 les
229 2282 358 2319 dicere
388 2295 504 2330 quam
534 2283 709 2320 homines
739 2283 912 2321 deorum.
971 2284 1157 2332 Quaeres,
1187 2286 1281 2334 quid
1311 2287 1455 2323 intersit
1471 2301 1482 2333 3
1511 2287 1541 2324 si

149 2346 252 2383 enim
273 2346 348 2383 hoc
369 2346 419 2382 illi
439 2346 559 2383 simile
580 2347 638 2391 sit,
659 2358 742 2383 esse
772 2348 863 2384 illud
893 2348 994 2385 huic.
1049 2348 1177 2386 Video
1193 2363 1202 2395 ;
1233 2349 1303 2386 sed
1332 2350 1407 2387 hoc
1436 2349 1539 2396 dico,

149 2421 228 2446 non
259 2410 307 2447 ab
338 2409 556 2447 hominibus
588 2410 733 2447 formae
764 2410 924 2459 figuram
954 2412 1102 2449 venisse
1135 2412 1185 2451 ad
1215 2413 1311 2451 deos
1325 2427 1336 2461 5
1366 2413 1406 2451 di
1436 2414 1540 2452 enim
1559 2429 1590 2454 3⁵
