1714 2807
136 158 214 196 128
567 165 631 197 DE
661 165 854 197 NATURA
885 165 1095 198 DEORUM.

131 269 270 316 partim
289 268 340 305 ad
360 267 660 313 aedificandum,
677 274 719 304 ut
738 268 850 304 tectis
870 268 991 316 saepti
1012 268 1149 316 frigora
1168 269 1390 318 caloresque
1410 270 1528 318 pella-

74 341 229 369 152rnus.
289 333 455 381 Magnos
483 344 575 369 vero
603 344 694 369 usus
723 331 846 368 adfert
875 331 925 368 ad
957 333 1108 380 navigia
1146 333 1334 379 facienda,
1365 346 1528 382 quorum

133 397 305 434 cursibus
326 396 622 445 subpeditantur
641 408 778 433 omnes
797 396 970 444 undique
1001 396 1050 433 ad
1080 397 1195 434 vitam
1225 398 1387 445 copiae;
1417 410 1527 446 quas-

133 473 207 509 que
228 473 287 498 res
313 461 606 498 violentissimas
634 468 769 497 natura
796 461 939 508 genuit,
962 473 1091 497 earum
1122 461 1430 499 moderationem
1458 475 1529 499 nos

133 526 202 561 soli
223 525 422 570 habemus,
445 525 558 562 maris
579 532 694 572 atque
714 531 930 569 ventorum,
952 532 1108 573 propter
1136 527 1374 563 nauticarum
1403 539 1528 563 rerum
1555 545 1568 568 s

133 589 332 625 scientiam
370 589 620 637 plurimisque
659 589 858 625 maritimis
895 589 1009 625 rebus
1048 590 1204 626 fruimur
1232 597 1347 638 atque
1376 591 1528 628 utimur.

131 654 388 690 Terrenorum
409 653 500 689 item
521 652 821 689 commodorum
841 653 967 689 omnis
987 660 1044 690 est
1065 654 1103 690 in
1123 653 1279 691 homine
1296 654 1529 692 dominatus.

134 717 217 753 Nos
247 717 406 765 campis,
437 729 508 753 nos
537 717 733 753 montibus
763 717 931 762 fruimur,
962 717 1080 753 nostri
1109 724 1197 754 sunt
1235 730 1381 764 amnes,
1411 720 1528 755 nostri

133 781 250 825 lacus,
273 793 344 818 nos
365 781 492 829 fruges
512 781 684 826 serimus,
706 793 777 817 nos
799 781 965 826 arbores,
987 793 1058 817 nos
1082 793 1268 829 aquarum
1298 782 1526 819 inductioni-

132 845 203 882 bus
224 846 330 882 terris
352 845 634 882 secunditatem
654 844 805 890 damus,
826 857 897 881 nos
918 845 1075 881 flumina
1100 857 1288 892 arcemus,
1309 845 1527 894 derigimus,
1548 867 1580 883 10

133 910 349 954 avertimus,
371 910 508 946 nostris
530 909 700 957 denique
721 909 898 946 manibus
918 909 957 945 in
985 921 1111 946 rerum
1139 916 1274 947 natura
1301 910 1408 959 quasi
1437 911 1528 948 alte-

131 986 213 1010 ram
233 980 409 1010 naturam
431 973 582 1010 efficere
606 986 803 1010 conamur.

191 1037 296 1085 Quid
316 1038 436 1074 vero?
463 1037 664 1074 hominum
685 1038 780 1074 ratio
800 1050 880 1074 non
908 1038 947 1074 in
968 1038 1118 1075 caelum
1142 1049 1264 1086 usque
1293 1039 1532 1087 penetravit?
1579 1087 1582 1089 -

133 1102 209 1139 Soli
231 1102 334 1138 enim
355 1114 402 1138 ex
425 1102 683 1138 animantibus
710 1114 780 1138 nos
810 1108 998 1138 astrorum
1029 1109 1145 1147 ortus,
1166 1103 1292 1139 obitus
1321 1115 1530 1151 cursusque

133 1166 398 1214 cognovimus,
420 1167 468 1203 ab
489 1166 689 1203 hominum
710 1178 850 1214 genere
871 1166 998 1203 finitus
1028 1173 1084 1203 est
1105 1166 1199 1212 dies,
1221 1167 1374 1212 mensis,
1396 1179 1529 1212 annus,
1551 1185 1581 1209 15

134 1230 374 1267 defectiones
404 1231 493 1267 solis
514 1238 551 1267 et
570 1230 682 1267 lunae
704 1231 882 1278 cognitae
903 1231 1201 1279 praedictaeque
1228 1232 1266 1268 in
1296 1243 1412 1268 omne
1441 1244 1530 1280 pos-

133 1301 258 1332 terum
277 1301 443 1343 tempus,
464 1307 575 1343 quae,
597 1301 775 1343 quantae,
797 1294 955 1342 quando
976 1295 1122 1332 suturae
1152 1296 1238 1332 sint.
1296 1295 1407 1343 Quae
1436 1308 1530 1332 con-

134 1365 246 1396 tuens
285 1359 434 1395 animus
473 1359 626 1395 accedit
655 1358 704 1395 ad
744 1359 1007 1406 cognitionem
1042 1359 1216 1406 deorum,
1247 1371 1268 1396 e
1307 1355 1384 1408 qua
1415 1361 1533 1397 oritur

134 1423 268 1472 pietas,
297 1423 359 1460 cui
389 1423 596 1460 coniuncta
625 1423 765 1459 iustitia
793 1429 850 1459 est
879 1423 1124 1472 reliquaeque
1152 1424 1320 1470 virtutes,
1343 1436 1364 1462 e
1393 1424 1532 1473 quibus

133 1488 212 1524 vita
229 1487 344 1525 beata
363 1488 487 1524 existit
507 1499 576 1535 par
595 1494 633 1524 et
653 1487 782 1524 similis
803 1487 977 1533 deorum,
999 1488 1102 1524 nulla
1121 1488 1193 1524 alia
1221 1500 1260 1525 re
1290 1489 1361 1526 nisi
1390 1489 1530 1526 inmor-
1549 1505 1583 1522 20

134 1553 291 1598 talitate,
313 1564 412 1600 quae
433 1552 527 1588 nihil
548 1551 597 1588 ad
617 1552 718 1588 bene
747 1550 956 1588 vivendum
985 1553 1162 1600 pertinet,
1185 1552 1329 1590 cedens
1358 1553 1531 1591 caelesti-

136 1616 220 1654 bus.
278 1616 430 1664 Quibus
466 1616 580 1652 rebus
619 1616 801 1664 expositis
841 1617 930 1653 satis
971 1616 1150 1653 docuisse
1188 1617 1334 1663 videor,
1366 1617 1532 1655 hominis

135 1688 270 1717 natura
289 1687 435 1729 quanto
455 1680 581 1717 omnis
602 1681 763 1717 anteiret
792 1681 1021 1717 animantes.
1081 1681 1140 1717 Ex
1169 1693 1247 1729 quo
1276 1681 1395 1719 debet
1422 1681 1531 1719 intel-

136 1745 210 1793 legi
233 1757 307 1781 nec
337 1745 496 1793 figuram
527 1745 718 1792 situmque
749 1745 1012 1782 membrorum
1042 1757 1116 1782 nec
1146 1746 1288 1794 ingenii
1316 1746 1532 1794 mentisque

70 1825 121 1852 154
136 1810 214 1846 vim
247 1809 363 1846 talem
394 1809 494 1846 effici
530 1810 700 1857 potuisse
740 1810 904 1846 fortuna.
963 1810 1110 1855 Restat,
1147 1817 1189 1846 ut
1220 1810 1385 1847 doceam
1417 1817 1532 1859 atque
1551 1827 1583 1853 ες

138 1873 347 1921 aliquando
385 1885 563 1922 perorem
602 1874 743 1919 omnia,
775 1886 873 1922 quae
913 1874 987 1911 sint
1025 1874 1064 1911 in
1102 1874 1178 1911 hoc
1206 1873 1365 1920 mundo,
1395 1875 1534 1924 quibus

137 1929 292 1974 utantur
311 1937 498 1982 homines,
521 1938 720 1974 hominum
742 1950 859 1974 causa
878 1939 978 1974 sacta
998 1950 1081 1975 esse
1103 1945 1141 1975 et
1159 1946 1301 1987 parata.

80 2013 129 2048 (32
194 2002 387 2050 Principio
408 2002 489 2050 ipse
511 2001 678 2038 mundus
701 2001 862 2038 deorum
883 2002 1162 2051 hominumque
1183 2015 1300 2040 causa
1318 2003 1440 2040 factus
1464 2010 1533 2050 est,

138 2078 315 2115 quaeque
336 2066 374 2103 in
395 2078 443 2103 eo
464 2073 563 2111 sunt,
586 2079 631 2103 ea
651 2073 782 2115 parata
811 2065 860 2103 ad
890 2067 1055 2104 fructum
1084 2067 1284 2104 hominum
1315 2074 1353 2104 et
1381 2068 1536 2105 inventa

139 2137 239 2167 sunt.
298 2131 367 2167 Est
387 2131 491 2167 enim
512 2130 680 2167 mundus
702 2131 808 2179 quasi
830 2132 1046 2168 communis
1077 2131 1238 2168 deorum
1267 2137 1381 2180 atque
1411 2132 1534 2169 homi·
1553 2149 1586 2172 30
1606 2174 1608 2177 v

139 2208 231 2232 num
261 2194 401 2232 domus
431 2201 497 2232 aut
525 2195 614 2232 urbs
644 2202 905 2243 utrorumque.
965 2196 1039 2233 Soli
1071 2197 1174 2232 enirn
1203 2197 1350 2233 ratione
1385 2202 1535 2233 utentes

140 2260 218 2296 iure
232 2272 276 2295 ac
291 2259 374 2307 lege
387 2259 529 2296 vivunt.
587 2260 641 2298 Ut
658 2260 769 2308 igitur
783 2259 953 2297 Athenas
970 2268 1007 2297 et
1022 2260 1359 2298 Lacedaemonem
1377 2261 1534 2298 Atheni-

140 2324 287 2359 ensium
311 2323 786 2372 Lacedaemoniorumque
807 2335 923 2360 causa
942 2323 1155 2372 putandum
1176 2331 1233 2361 est
1248 2324 1424 2362 conditas
1440 2336 1535 2371 esse,

141 2388 360 2435 omniaque,
382 2400 480 2436 quae
502 2388 576 2424 sint
596 2388 633 2424 in
654 2388 710 2424 his
732 2388 900 2433 urbibus,
922 2400 1054 2425 eorum
1075 2389 1307 2437 populorum
1327 2396 1431 2426 recte
1452 2401 1536 2426 esse

141 2450 332 2497 dicuntur,
353 2451 420 2496 sic,
441 2463 710 2500 quaecumque
737 2457 825 2488 sunt
850 2451 889 2488 in
915 2452 1021 2488 omni
1050 2452 1209 2499 mundo,
1232 2452 1393 2490 deorum
1422 2459 1536 2502 atque
1556 2468 1587 2492 3⁵

74 1022 121 1056 (31

75 1066 124 1092 153
