1714 2807
113 772 157 807 17

118 816 151 841 45

121 1505 154 1530 46

118 2268 165 2303 18

169 171 223 212 92
605 170 667 201 DE
698 170 889 201 NATURA
921 169 1132 202 DEORUM.

169 272 313 308 maiore
348 271 441 318 fieri,
470 277 512 308 ut
545 277 680 308 contra
711 277 886 308 naturam
919 277 1019 308 astra
1048 276 1299 318 moveantur3
1334 282 1433 319 quae
1464 271 1569 308 enim

169 343 295 384 potest
318 336 437 372 maior
457 336 569 372 esse?
626 336 760 372 Restat
785 335 906 383 igitur,
928 341 968 371 ut
998 342 1124 371 motus
1155 342 1340 372 astrorum
1369 336 1417 372 sit
1435 335 1568 372 volun-

169 401 295 437 tarius.
354 400 464 447 Quae
504 399 568 447 qui
606 398 746 444 videat,
785 411 863 435 non
903 398 1060 436 indocte
1099 399 1234 444 solum,
1273 411 1406 436 verum
1453 400 1568 436 etiam

170 465 285 513 impie
318 464 442 508 saciat,
475 463 504 499 si
537 463 632 500 deos
663 474 746 499 esse
780 469 906 510 neget.
964 463 1049 499 Nec
1084 475 1175 500 sane
1210 463 1371 500 multum
1401 463 1568 509 interest,

169 537 293 566 utrum
316 528 354 565 id
375 535 489 576 neget
510 540 558 564 an
580 539 647 564 eos
669 527 774 564 omni
804 528 1073 575 procuratione
1095 534 1210 575 atque
1240 529 1392 564 actione
1422 528 1568 576 privet3
1596 543 1610 567 s

169 594 262 630 mihi
283 594 398 639 enim,
420 593 485 641 qui
505 591 598 628 nihil
619 592 707 639 agit,
730 603 813 628 esse
834 592 994 628 omnino
1015 603 1094 628 non
1115 591 1275 628 videtur.
1334 592 1429 628 Esse
1459 592 1571 640 igitur

170 657 266 693 deos
287 658 337 694 ita
356 657 603 705 perspicuum
625 662 694 701 est,
716 661 768 701 ut,
790 654 830 692 id
851 656 916 703 qui
936 663 1063 703 neget,
1084 656 1145 692 vix
1174 667 1263 692 eum
1294 667 1409 692 sanae
1430 656 1569 692 mentis

170 721 398 758 existimem.

226 786 371 831 Restat,
403 791 456 831 ut,
491 784 612 833 qualis
646 796 778 821 eorum
812 790 948 820 natura
980 784 1038 830 sit,
1069 783 1385 831 consideremus;
1424 784 1463 822 in
1492 796 1570 832 quo

170 850 263 886 nihil
283 857 339 886 est
360 849 550 885 difficilius
572 861 687 896 quam
709 861 732 885 a
753 848 1035 885 consuetudine
1057 849 1258 885 oculorum
1277 849 1402 886 aciem
1431 850 1570 886 mentis
1590 867 1622 884 ιο

170 913 377 951 abducere.
450 914 507 950 Ea
535 913 739 950 difficultas
770 912 920 949 induxit
949 919 987 949 et
1006 913 1120 961 vulgo
1150 913 1332 961 inperitos
1363 920 1400 950 et
1429 913 1570 950 similes

170 978 422 1027 philosophos
461 978 723 1026 inperitorum,
755 984 796 1014 ut
837 977 908 1014 nisi
950 978 1077 1026 figuris
1115 977 1315 1014 hominum
1355 978 1570 1014 constitutis

170 1043 265 1079 nihil
284 1049 443 1091 possent
464 1042 512 1078 de
535 1042 593 1079 dis
614 1042 877 1079 inmortalibus
898 1043 1092 1090 cogitare;
1123 1043 1230 1079 cuius
1260 1043 1452 1090 opinionis
1481 1042 1570 1079 levi-

170 1114 226 1144 tas
247 1107 445 1143 confutata
463 1119 485 1143 a
505 1107 621 1144 Cotta
640 1119 719 1143 non
741 1106 934 1143 desiderat
954 1107 1167 1143 orationem
1188 1119 1327 1144 meam.
1385 1106 1461 1144 Sed
1481 1119 1571 1143 cum
1603 1116 1607 1119 *

170 1172 287 1208 talem
308 1183 390 1208 esse
412 1171 529 1208 deum
551 1178 654 1207 certa
675 1172 832 1208 notione
863 1171 981 1208 animi
1009 1172 1323 1220 praesentiamus,
1343 1172 1510 1220 primum
1530 1177 1572 1208 ut
1592 1190 1622 1214 ις

171 1237 219 1273 sit
239 1237 426 1281 animans,
447 1235 590 1272 deinde
612 1243 653 1272 ut
673 1236 710 1272 in
731 1236 838 1272 omni
867 1242 1002 1272 natura
1030 1236 1123 1272 nihil
1153 1248 1200 1272 eo
1230 1237 1276 1272 sit
1305 1236 1571 1284 praestantius,

171 1300 222 1337 ad
243 1301 342 1337 hanc
366 1301 680 1348 praesensionem
710 1301 989 1348 notionemque
1019 1307 1189 1337 nostram
1217 1300 1311 1336 nihil
1330 1300 1444 1337 video
1465 1298 1572 1348 quod

171 1365 300 1413 potius
327 1364 638 1409 accommodem,
660 1376 777 1411 quam
809 1370 850 1401 ut
880 1365 1045 1412 primum
1077 1364 1179 1400 hunc
1211 1364 1335 1412 ipsum
1369 1364 1570 1409 mundum,

173 1442 250 1477 quo
288 1429 381 1466 nihil
419 1428 669 1465 excellentius
707 1429 788 1465 fieri
826 1435 965 1477 potest,
997 1429 1233 1465 animantem
1264 1441 1347 1466 esse
1382 1435 1420 1466 et
1454 1428 1572 1465 deum

174 1494 354 1531 iudicem.
414 1493 493 1529 Hic
523 1505 640 1541 quam
663 1493 765 1530 volet
796 1493 986 1541 Epicurus
1017 1493 1176 1538 iocetur,
1199 1493 1317 1530 homo
1348 1505 1427 1530 non
1458 1493 1571 1541 aptis·
1591 1515 1623 1531 20

173 1559 289 1595 simus
321 1557 371 1594 ad
403 1557 613 1594 iocandum
645 1558 882 1605 minimeque
913 1557 1097 1606 resipiens
1128 1558 1301 1606 patriam,
1328 1564 1365 1594 et
1397 1557 1500 1594 dicat
1531 1568 1572 1593 se

173 1635 252 1660 non
280 1634 395 1671 posse
426 1622 657 1670 intellegere,
679 1622 800 1670 qualis
831 1622 878 1658 sit
896 1621 1071 1658 volubilis
1103 1628 1140 1658 et
1170 1621 1356 1658 rotundus
1388 1621 1496 1667 deus,
1517 1627 1570 1658 ta-

175 1700 265 1724 men
294 1699 341 1725 ex
371 1687 458 1732 hoc,
481 1686 587 1734 quod
619 1687 734 1723 etiam
766 1687 847 1734 ipse
882 1686 1030 1734 probat,
1051 1698 1263 1734 numquam
1294 1698 1356 1722 me
1389 1686 1570 1723 movebit.

175 1753 303 1789 Placet
335 1752 438 1788 enim
469 1751 520 1788 illi
552 1763 635 1787 esse
667 1751 774 1796 deos,
806 1751 896 1799 quia
925 1762 1085 1788 necesse
1119 1751 1165 1788 sit
1196 1757 1454 1799 praestantem
1488 1762 1571 1787 esse

175 1817 340 1864 aliquam
374 1823 560 1861 naturam,
596 1828 672 1863 qua
704 1815 797 1851 nihil
831 1816 878 1852 sit
910 1816 1059 1852 melius.
1117 1815 1271 1852 Mundo
1304 1822 1434 1852 autem
1468 1822 1570 1852 certe
1590 1835 1620 1858 25

174 1881 266 1917 nihil
286 1887 344 1917 est
363 1881 511 1918 melius.
570 1880 655 1916 Nec
677 1879 851 1925 dubium,
873 1880 978 1927 quin,
1001 1879 1107 1927 quod
1136 1880 1310 1916 animans
1339 1881 1386 1916 sit
1415 1879 1570 1917 habeat—

174 1957 248 1993 que
270 1957 424 1981 sensum
445 1951 483 1981 et
502 1944 691 1981 rationem
712 1951 749 1981 et
770 1951 952 1990 mentem,
974 1943 1013 1980 id
1034 1945 1081 1980 sit
1100 1944 1235 1980 melius
1255 1956 1371 1992 quam
1391 1943 1442 1989 id,
1465 1943 1572 1992 quod

174 2009 231 2046 his
269 2016 407 2046 careat.
467 2010 527 2045 Ita
564 2008 726 2045 efficitur
763 2009 1009 2054 animantem,
1048 2020 1194 2053 sensus,
1235 2009 1384 2054 mentis,
1416 2009 1571 2045 rationis

175 2071 364 2110 mundum
403 2086 486 2110 esse
519 2080 771 2120 compotem,
810 2085 886 2120 qua
919 2073 1064 2109 ratione
1104 2072 1220 2109 deum
1260 2084 1343 2108 esse
1382 2072 1572 2109 mundum

174 2138 428 2175 concluditur.
487 2136 563 2174 Sed
591 2137 689 2173 haec
709 2137 824 2185 paulo
845 2143 932 2184 post
961 2137 1107 2173 facilius
1138 2143 1421 2184 cognoscentur
1452 2148 1498 2172 ex
1528 2136 1571 2173 iis
1590 2159 1623 2183 30

174 2203 287 2239 rebus
316 2203 418 2250 ipsis,
440 2214 534 2250 quas
563 2201 731 2238 mundus
760 2201 887 2237 efficit.

232 2268 394 2311 Interea,
415 2266 549 2311 Vellei,
571 2265 662 2310 noli,
683 2277 840 2313 quaeso,
862 2277 953 2313 prae
973 2271 1011 2301 te
1041 2265 1136 2301 ferre
1156 2277 1224 2301 vos
1253 2265 1365 2313 plane
1396 2271 1571 2313 expertes

176 2343 259 2367 esse
290 2330 500 2367 doctrinae.
559 2330 713 2367 Conum
746 2329 815 2366 tibi
845 2330 899 2366 ais
933 2336 971 2366 et
1009 2329 1222 2377 cylindrum
1260 2337 1298 2366 et
1330 2329 1572 2378 pyramidem

176 2395 434 2443 pulchriorem
465 2406 580 2442 quam
619 2394 821 2442 sphaeram
851 2393 983 2430 videri.
1043 2393 1197 2429 Novum
1227 2394 1342 2430 etiam
1373 2393 1571 2430 oculorum

176 2458 361 2495 iudicium
393 2458 552 2495 habetis.
609 2457 686 2495 Sed
717 2458 791 2494 sint
820 2458 891 2495 ista
920 2457 1140 2505 pulchriora
1171 2457 1369 2494 dumtaxat
1399 2464 1570 2506 aspectu,
1590 2482 1621 2506 35
