1714 2807
138 160 216 198 124
566 159 630 190 DE
660 159 851 191 NATURA
881 159 1091 192 DEORUM.

129 260 307 296 ossibus?
335 271 434 308 quae
455 260 628 297 subiecta
647 261 799 308 corpori
820 261 1009 298 mirabiles
1030 262 1302 299 commissuras
1326 262 1469 301 habent
1488 269 1527 301 et

129 323 179 360 ad
200 323 442 360 stabilitatem
463 331 570 371 aptas
591 330 629 360 et
648 323 698 360 ad
718 331 819 360 artus
839 324 1031 362 finiendos
1059 325 1380 364 adcommodatas
1409 333 1447 364 et
1475 326 1527 364 ad

130 394 279 424 motum
301 395 338 424 et
360 386 409 423 ad
430 399 587 424 omnem
617 388 788 435 corporis
817 389 1024 426 actionem.
1083 390 1175 426 Huc
1204 389 1306 426 adde
1335 402 1484 436 nervos,
1504 403 1528 428 a

130 453 267 501 quibus
287 459 388 489 artus
410 453 668 497 continentur,
691 464 902 500 eorumque
934 454 1222 502 inplicationem
1253 466 1414 503 corpore
1443 462 1527 492 toto

131 517 400 565 pertinentem,
422 516 488 563 qui
514 516 611 552 sicut
631 528 751 552 venae
782 523 821 553 et
848 518 1006 554 arteriae
1036 530 1058 554 a
1087 518 1205 555 corde
1235 519 1343 555 tracti
1372 526 1411 555 et
1439 531 1524 567 pro·
1554 535 1569 559 s

133 580 222 616 fecti
243 580 280 616 in
301 591 440 628 corpus
462 591 578 616 omne
599 579 803 617 ducuntur.
860 580 922 617 Ad
951 582 1049 617 hanc
1070 581 1350 629 providentiam
1371 591 1527 620 naturae

129 651 209 680 tam
229 643 454 692 diligentem
478 650 633 691 tamque
664 643 855 680 sollertem
885 643 1042 693 adiungi
1071 645 1190 682 multa
1209 653 1382 693 possunt,
1403 658 1424 683 e
1445 647 1526 694 qui-

130 708 200 745 bus
231 708 479 756 intellegatur,
502 714 667 755 quantae
697 719 756 744 res
787 707 1007 745 hominibus
1041 706 1086 759 [a
1114 708 1194 759 dis]
1226 721 1419 758 quamque
1449 711 1526 747 exi—

86 774 88 777 ’
132 772 230 808 miae
251 771 412 809 tributae
433 771 520 808 sint.
578 770 690 818 Quae
711 771 875 818 primum
903 783 970 808 eos
1000 772 1120 809 humo
1141 773 1327 810 excitatos
1347 774 1470 810 celsos
1490 781 1528 810 et

131 844 280 873 erectos
319 835 526 880 constituit,
559 842 598 871 ut
637 834 798 871 deorum
837 836 1097 883 cognitionem
1134 837 1285 873 caelum
1333 837 1526 873 intuentes
1550 856 1580 872 ιο

131 911 269 948 capere
296 907 466 948 possent.
523 899 618 936 Sunt
647 899 750 935 enirn
779 911 828 936 ex
856 906 954 936 terra
983 899 1160 937 homines
1189 912 1270 937 non
1302 906 1344 937 ut
1377 901 1528 938 incolae

131 972 245 1012 atque
267 964 510 1009 habitatores,
531 962 601 1000 sed
621 963 730 1011 quasi
760 970 996 1011 spectatores
1025 976 1248 1012 superarum
1267 976 1393 1001 rerum
1413 972 1528 1013 atque

131 1029 366 1073 caelestium,
388 1040 549 1076 quarum
570 1027 835 1075 spectaculum
856 1027 906 1064 ad
926 1028 1071 1064 nullum
1092 1027 1195 1065 aliud
1214 1040 1336 1076 genus
1356 1029 1527 1066 animan-

130 1094 226 1130 tium
260 1093 436 1141 pertinet.
493 1092 634 1129 Sensus
669 1099 798 1128 autem
833 1092 1058 1140 interpretes
1096 1104 1141 1128 ac
1174 1093 1298 1129 nuntii
1330 1104 1456 1129 rerum
1490 1093 1528 1130 in

132 1158 258 1205 capite
279 1163 476 1205 tamquam
496 1157 534 1193 in
554 1168 640 1193 arce
662 1156 820 1193 mirifice
848 1155 898 1192 ad
927 1168 1017 1193 usus
1045 1157 1282 1194 necessarios
1307 1164 1345 1194 et
1373 1157 1462 1194 sacti
1491 1164 1530 1194 et
1549 1173 1578 1197 ιε

132 1221 325 1258 conlocati
356 1228 455 1258 sunt.
514 1221 616 1257 Nam
647 1221 748 1257 oculi
782 1227 980 1268 tamquam
1012 1222 1273 1269 speculatores
1304 1222 1529 1259 altissimum

132 1286 262 1323 locum
296 1285 484 1330 obtinent,
514 1296 562 1321 ex
595 1296 673 1333 quo
706 1285 868 1332 plurima
903 1286 1188 1333 conspicientes
1222 1286 1427 1334 fungantur
1459 1298 1529 1323 suo

74 1360 122 1386 141
135 1361 292 1386 munere
309 1363 318 1395 ;
349 1355 388 1386 et
416 1361 537 1394 aures,
569 1360 658 1386 cum
689 1361 828 1385 sonum
857 1350 1056 1397 percipere
1087 1349 1268 1395 debeant,
1299 1350 1363 1398 qui
1386 1356 1531 1387 -natura

140 1412 222 1464 [in]
247 1413 408 1450 sublime
430 1413 556 1458 fertur,
577 1420 680 1449 recte
711 1414 748 1450 in
779 1413 861 1450 altis
890 1425 1097 1461 corporum
1126 1415 1295 1462 partibus
1319 1414 1530 1452 collocatae

135 1485 222 1514 sunt
237 1490 248 1524 ;
277 1478 446 1525 itemque
466 1489 576 1513 nares
596 1483 645 1520 et,
663 1476 769 1524 quod
789 1477 914 1514 omnis
935 1476 1033 1514 odor
1052 1477 1101 1513 ad
1122 1489 1260 1525 supera
1278 1478 1404 1523 fertur,
1425 1484 1529 1515 recte
1549 1493 1581 1510 20

135 1553 283 1578 sursum
314 1548 401 1577 sunt
421 1547 470 1585 et,
493 1540 599 1588 quod
621 1541 694 1576 cibi
716 1548 754 1577 et
774 1541 941 1588 potionis
973 1541 1158 1578 iudicium
1187 1554 1370 1590 magnum
1400 1553 1530 1579 earum

136 1613 205 1651 est,
226 1617 305 1642 non
326 1605 407 1641 sine
429 1617 544 1641 causa
563 1605 797 1641 vicinitatem
817 1606 891 1641 oris
911 1612 1066 1642 secutae
1087 1612 1186 1642 sunt.
1244 1606 1327 1642 Iam
1347 1613 1529 1654 gustatus,

136 1670 201 1718 qui
221 1670 361 1706 sentire
384 1681 530 1713 eorum,
552 1669 689 1716 quibus
711 1669 911 1714 vescimur,
931 1681 1074 1717 genera
1093 1669 1223 1715 debet,
1245 1669 1390 1707 habitat
1419 1670 1457 1707 in
1486 1682 1532 1707 ea

136 1740 243 1782 parte
277 1734 364 1779 oris,
395 1745 470 1781 qua
503 1733 707 1769 esculentis
742 1740 779 1770 et
810 1734 1018 1782 potulentis
1057 1734 1126 1770 iter
1164 1740 1298 1770 natura
1335 1734 1530 1782 patefecit.

135 1799 280 1834 Tactus
300 1804 428 1833 autem
449 1803 532 1833 toto
552 1809 713 1844 corpore
735 1797 982 1845 aequabiliter
1002 1798 1104 1834 fusus
1125 1804 1194 1843 est,
1215 1804 1257 1834 ut
1277 1810 1412 1835 omnes
1433 1798 1530 1835 ictus
1548 1816 1580 1840 25

137 1873 351 1910 omnesque
372 1861 550 1898 minimos
571 1869 610 1898 et
629 1861 774 1909 frigoris
804 1868 842 1898 et
870 1862 1005 1898 caloris
1033 1861 1216 1910 adpulsus
1245 1862 1384 1898 sentire
1411 1863 1531 1910 possi-

138 1938 236 1963 mus.
293 1928 420 1974 Atque
441 1926 540 1962 utin
567 1925 752 1962 aedificiis
782 1926 981 1962 architecti
1010 1933 1185 1962 avertunt
1213 1926 1262 1963 ab
1293 1926 1415 1963 oculis
1435 1926 1531 1962 nari—

137 1991 286 2038 busque
308 1989 554 2026 dominorum
577 2001 633 2035 ea,
656 2001 754 2038 quae
774 1990 1004 2038 profluentia
1022 1990 1242 2027 necessario
1266 1990 1376 2027 taetri
1405 1997 1532 2027 essent

139 2053 284 2102 aliquid
305 2054 490 2100 habitura,
511 2055 566 2091 sic
587 2062 721 2091 natura
740 2066 799 2091 res
819 2054 950 2091 similis
969 2054 1104 2102 procul
1131 2053 1352 2091 amandavit
1371 2066 1394 2091 a
1413 2054 1531 2091 sensi-

82 2107 129 2176 1ὅὲ
142 2119 223 2155 bus.
283 2118 378 2166 Quis
398 2130 489 2155 vero
519 2118 648 2166 opifex
678 2126 827 2167 praeter
855 2126 1042 2163 naturam,
1063 2130 1139 2166 qua
1169 2118 1262 2155 nihil
1291 2125 1419 2166 potest
1448 2130 1531 2155 esse
1551 2136 1583 2160 30

140 2181 325 2227 callidius,
347 2188 493 2218 tantam
514 2183 719 2219 sollertiam
740 2182 918 2230 persequi
938 2183 1125 2230 potuisset
1144 2182 1183 2219 in
1204 2182 1406 2219 sensibus?
1433 2194 1532 2230 quae

140 2247 306 2294 primum
328 2247 462 2283 oculos
483 2247 716 2283 membranis
745 2246 976 2283 tenuissimis
996 2246 1145 2283 vestivit
1175 2253 1212 2282 et
1243 2246 1384 2294 saepsit
1398 2259 1408 2292 ;
1439 2258 1533 2294 quas

140 2311 306 2358 primum
336 2309 553 2358 perlucidas
574 2310 674 2354 fecit,
696 2317 737 2346 ut
756 2322 824 2358 per
844 2321 908 2346 eas
937 2310 1041 2345 cerni
1071 2316 1213 2357 posset,
1235 2309 1362 2346 firmas
1390 2316 1531 2355 autem,

141 2382 181 2411 ut
202 2375 514 2420 continerentur3
545 2374 613 2410 sed
643 2373 809 2410 lubricos
829 2374 962 2410 oculos
984 2374 1073 2410 fecit
1094 2380 1131 2410 et
1153 2373 1325 2415 mobiles,
1346 2381 1386 2410 ut
1407 2380 1444 2410 et
1464 2373 1530 2410 de-

142 2439 338 2485 clinarent,
359 2438 389 2475 si
409 2437 503 2487 quid
531 2444 702 2484 noceret,
723 2444 761 2474 et
788 2444 1002 2486 aspectum,
1023 2449 1101 2486 quo
1127 2437 1278 2483 vellent,
1299 2437 1408 2474 facile
1438 2449 1530 2474 con·
1549 2451 1582 2476 3⁵

72 563 121 598 56

73 607 121 632 140
