1714 2807
174 186 249 236 148
604 194 668 225 DE
697 194 890 226 NATURA
920 191 1131 226 DEORUM.

166 309 277 334 scura
302 296 585 345 adsequamur;
619 302 657 333 at
683 296 892 333 obscurum
921 295 997 334 deo
1025 295 1119 333 nihil
1147 302 1276 345 potest
1303 308 1399 335 esse.
1458 299 1560 337 Nam

166 362 317 407 iustitia,
350 373 448 409 quae
480 373 592 398 suum
624 361 763 409 cuique
795 360 999 406 distribuit,
1031 359 1126 409 quid
1158 361 1324 409 pertinet
1354 361 1404 399 ad
1437 362 1561 401 deos?

167 426 366 463 hominum
397 426 501 463 enim
529 425 694 463 societas
717 431 756 462 et
780 425 1050 470 communitas,
1071 431 1112 461 ut
1132 437 1199 462 vos
1220 424 1358 470 dicitis,
1380 426 1559 464 iustitiam

165 491 391 539 procreavit.
457 490 732 538 Temperantia
769 496 898 526 autern
937 496 1088 526 constat
1125 501 1173 526 ex
1211 490 1560 538 praetermittendis

164 555 423 602 voluptatibus
453 554 636 602 corporis,
658 554 720 590 cui
747 554 778 590 si
805 554 913 590 locus
934 554 972 590 in
993 554 1101 590 caelo
1122 560 1191 599 est,
1213 562 1270 591 est
1291 555 1405 591 etiam
1425 555 1557 604 volup·
1586 570 1602 596 s

164 619 314 655 tatibus.
374 619 475 655 Nam
497 618 602 654 fortis
623 617 719 655 deus
746 618 912 666 intellegi
933 618 998 666 qui
1019 619 1174 666 potest?
1202 618 1240 655 in
1261 618 1423 656 dolore?
1451 631 1500 656 an
1521 619 1560 656 in

113 695 146 720 39
165 683 322 720 labore?
360 695 408 719 an
448 682 485 719 in
524 682 725 731 periculo?
766 694 929 730 quorum
968 682 1086 719 deum
1124 682 1217 719 nihil
1253 683 1414 731 attingit.
1473 684 1560 720 Nec

164 747 309 784 ratione
341 747 451 795 igitur
479 753 653 783 utentem
683 758 757 783 nec
777 747 913 783 virtute
942 747 1016 783 ulla
1035 746 1252 794 praeditum
1275 747 1393 784 deum
1414 747 1559 784 intelle-

163 823 252 860 gere
282 811 346 859 qui
375 811 608 859 possumus?
666 811 751 847 Nec
771 823 862 847 vero
883 811 982 859 volgi
1009 818 1124 858 atque
1153 811 1416 858 imperitorum
1445 811 1558 848 insci·

163 876 256 913 tiam
290 875 491 924 despicere
525 887 697 923 possum,
733 888 823 912 cum
857 887 904 912 ea
936 874 1156 919 considero,
1189 887 1289 923 quae
1323 875 1504 912 dicuntur
1535 888 1610 913 axo

164 940 300 977 Stoicis
316 953 326 986 ;
360 947 449 976 sunt
479 940 583 976 enim
611 940 673 976 illa
706 939 994 987 imperitorum:
1031 940 1180 987 piscem
1211 939 1292 988 Syri
1320 947 1559 986 venerantur,

164 1017 280 1041 omne
310 1004 387 1040 sere
417 1016 538 1052 genus
564 1004 771 1041 bestiarum
791 1003 970 1052 Aegyptii
998 1011 1320 1040 consecraverunt
1335 1017 1345 1050 ;
1376 1005 1450 1040 iam
1470 1017 1560 1042 vero

164 1070 202 1106 in
224 1069 389 1106 Graecia
417 1068 559 1105 multos
589 1068 734 1105 habent
763 1080 811 1105 ex
838 1068 1058 1105 hominibus
1082 1067 1190 1113 deos,
1211 1067 1455 1105 Alabandum
1474 1069 1559 1105 Ala-

164 1132 314 1178 bandis,
341 1132 506 1169 Tenedii
540 1133 716 1177 Tennen,
751 1132 1028 1177 Leucotheam,
1061 1144 1159 1180 quae
1198 1132 1268 1169 fuit
1298 1133 1383 1177 Ino,
1413 1140 1451 1168 et
1480 1133 1561 1170 eius

168 1197 440 1234 Palaemonem
475 1197 594 1233 silium
629 1204 770 1233 cuncta
804 1197 981 1241 Graecia,
1016 1197 1239 1241 Herculem,
1273 1197 1557 1245 Aesculapium,
1581 1214 1610 1237 ις

163 1261 430 1310 Tyndaridas3
470 1261 681 1298 Romulum
716 1261 834 1297 nostri
870 1261 1039 1308 aliosque
1073 1261 1293 1308 compluris,
1326 1273 1424 1308 quos
1453 1261 1559 1308 quasi

108 1313 156 1382 ἒξ
167 1338 286 1362 novos
316 1332 352 1362 et
382 1324 648 1373 adscripticios
676 1326 778 1361 cives
807 1325 844 1361 in
872 1325 1023 1361 caelum
1044 1332 1221 1372 receptos
1242 1332 1388 1373 putant.
1447 1326 1559 1362 Haec

113 1979 144 2005 41

165 1390 275 1438 igitur
294 1389 440 1426 indocti
458 1403 466 1435 ;
497 1389 590 1437 quid
612 1402 679 1425 vos
701 1389 949 1437 philosophi?
977 1390 1041 1437 qui
1064 1389 1248 1426 meliora?
1304 1389 1453 1426 Omitto
1473 1389 1559 1435 illa;

164 1461 250 1490 sunt
278 1454 380 1490 enim
401 1454 619 1502 praeclara:
651 1454 697 1490 sit
723 1466 813 1490 sane
842 1453 937 1490 deus
968 1454 1050 1501 ipse
1081 1452 1260 1490 mundus.
1319 1454 1412 1490 Hoc
1441 1452 1560 1490 credo

165 1517 257 1555 illud
277 1530 359 1555 esse
1578 1538 1611 1555 ω

215 1605 421 1641 sublime
449 1603 686 1649 candens,
716 1616 852 1652 quem
881 1606 1111 1640 invocant
1138 1606 1303 1640 omnes
1332 1605 1512 1641 Iovem.

165 1711 294 1758 Quare
325 1711 435 1759 igitur
464 1711 579 1758 pluris
608 1710 853 1758 adiungimus
874 1709 997 1747 deos?
1026 1717 1169 1758 quanta
1190 1717 1318 1747 autem
1342 1717 1399 1747 est
1423 1723 1556 1747 eorum

164 1774 395 1811 multitudo!
454 1775 550 1811 Mihi
571 1774 732 1822 quidem
760 1787 851 1811 sane
879 1775 985 1811 multi
1007 1774 1194 1811 videntur.
1253 1775 1424 1823 Singulas
1455 1775 1557 1812 enim

164 1839 289 1876 stellas
318 1851 497 1875 numeras
527 1838 622 1875 deos
652 1851 798 1886 eosque
828 1846 892 1875 aut
919 1839 1118 1875 beluarum
1139 1840 1295 1876 nomine
1315 1839 1496 1887 appellas,
1518 1846 1559 1875 ut

164 1903 344 1951 Capram,
366 1910 407 1940 ut
438 1903 604 1951 Nepam,
629 1909 668 1939 ut
698 1903 881 1948 Taurum,
907 1910 947 1939 ut
979 1903 1162 1948 Leonem,
1192 1910 1255 1940 aut
1284 1915 1408 1940 rerum
1438 1903 1556 1940 inani·
1578 1923 1608 1947 25

164 1980 325 2012 marum,
346 1974 386 2004 ut
412 1969 527 2015 Argo,
555 1973 595 2004 ut
622 1969 750 2011 Aram,
779 1973 820 2004 ut
849 1967 1058 2005 Coronam.
1115 1966 1191 2004 Sed
1220 1973 1261 2004 ut
1290 1967 1387 2004 haec
1416 1979 1556 2004 conce-

165 2031 314 2076 dantur,
345 2032 491 2079 reliqua
523 2031 588 2079 qui
624 2031 782 2068 tandem
814 2043 893 2068 non
928 2031 1048 2068 modo
1081 2031 1258 2072 concedi.
1290 2031 1360 2069 sed
1398 2032 1557 2069 omnino

165 2096 331 2143 intellegi
359 2096 546 2143 possunt?
601 2096 702 2133 Cum
728 2096 853 2145 fruges
874 2096 1070 2141 Cererem,
1091 2097 1221 2133 vinum
1254 2096 1433 2133 Liberum
1462 2095 1556 2133 dici-

165 2172 261 2205 mus,
282 2172 423 2208 genere
450 2172 520 2197 nos
548 2159 706 2208 quidem
737 2161 923 2197 sermonis
953 2161 1093 2197 utimur
1123 2161 1272 2206 usitato,
1294 2159 1363 2197 sed
1393 2173 1556 2209 ecquem

164 2230 243 2260 tam
271 2231 468 2260 amentem
497 2235 580 2260 esse
611 2231 733 2271 putas,
755 2224 819 2272 qui
850 2223 953 2270 illud,
975 2236 1053 2272 quo
1074 2231 1260 2270 vescatur,
1283 2224 1400 2261 deum
1427 2224 1557 2261 credat
1577 2244 1609 2267 30

165 2288 277 2324 esse?
333 2289 435 2325 Nam
464 2300 562 2335 quos
591 2287 640 2324 ab
670 2287 891 2324 hominibus
924 2288 1142 2336 pervenisse
1173 2287 1269 2325 dicis
1300 2287 1349 2325 ad
1379 2287 1486 2333 deos,
1516 2295 1555 2325 tu

164 2351 304 2389 reddes
325 2353 524 2395 rationem,
545 2364 660 2399 quem
687 2351 737 2388 ad
758 2351 918 2389 modurn
940 2351 979 2388 id
1010 2351 1088 2388 fieri
1110 2352 1275 2399 potuerit
1296 2359 1361 2388 aut
1381 2364 1449 2388 cur
1476 2351 1556 2389 fieri

165 2416 332 2460 desierit,
353 2423 391 2453 et
411 2428 484 2464 ego
506 2415 653 2452 discam
674 2416 845 2452 libenter.
904 2416 994 2463 Quo
1022 2415 1142 2453 modo
1169 2428 1272 2452 nunc
1299 2415 1456 2464 quidem
1486 2422 1556 2462 est,

166 2493 244 2517 non
274 2480 400 2525 video,
422 2492 500 2528 quo
529 2486 646 2528 pacto
676 2480 749 2526 ille,
774 2480 837 2516 cui
873 2480 941 2518 ‘in
975 2487 1133 2517 monte
1170 2480 1357 2518 Oetaeo
1391 2479 1556 2517 illatae
