1681 2752
404 186 491 217 LIB.
507 185 554 216 11.
594 185 682 218 ‚CAR
698 186 960 218 XLV-XLVII.
1006 186 1046 226 §5
1064 194 1222 228 115—121.
1430 187 1509 228 117

113 286 243 324 stellae
263 293 378 335 atque
398 286 525 324 omnis
544 286 678 323 aether
704 285 913 323 refundunt
942 286 1082 323 eadem
1111 294 1150 324 et
1178 299 1326 324 rursum
1357 287 1511 324 trahunt

113 350 301 396 indidem,
331 351 424 387 nihil
452 358 493 387 ut
522 351 600 387 sere
631 351 792 387 intereat
821 358 886 387 aut
919 350 1133 387 admodum
1163 351 1372 399 paululum,
1402 351 1510 400 quod

111 422 299 451 astrorum
325 414 422 463 ignis
450 422 488 451 et
518 414 681 451 aetheris
711 414 866 451 flamma
895 415 1100 451 consumit.
1160 415 1220 451 Ex
1245 427 1324 463 quo
1353 423 1509 452 eventu-

111 491 195 515 rum
215 479 334 515 nostri
352 486 490 526 putant
509 477 561 522 id,
582 477 633 514 de
653 490 731 526 quo
754 479 979 515 Panaetium
1000 478 1228 516 addubitare
1252 479 1448 524 dicebant,
1468 486 1510 516 ut

71 552 86 576 ⁵
111 541 162 579 ad
182 550 396 579 extremum
417 542 543 579 omnis
564 541 731 579 mundus
752 543 978 590 ignesceret,
999 555 1091 579 cum
1114 554 1247 580 umore
1277 550 1510 592 consumpto

111 618 239 655 neque
259 613 359 643 terra
377 606 424 642 ali
444 613 575 654 posset
594 618 669 643 nec
687 612 877 643 remearet
904 607 982 651 aet,
1004 607 1112 643 cuius
1141 614 1246 644 ortus
1274 619 1375 655 aqua
1402 608 1510 644 omni

111 670 298 707 exhausta
325 682 409 707 esse
438 682 518 707 non
546 677 702 718 posset;
733 671 784 707 ita
812 670 974 718 relinqui
1009 670 1102 707 nihil
1135 679 1287 719 praeter
1317 672 1458 720 ignem,
1488 683 1511 708 a

111 746 190 784 quo
210 747 358 771 rursum
377 734 572 770 animante
592 746 638 770 ac
658 733 735 771 deo
755 735 955 771 renovatio
975 734 1109 771 mundi
1130 734 1238 771 fieret
1258 743 1374 783 atque
1403 735 1509 772 idem

111 806 267 836 ornatus
304 806 485 835 oreretur.
552 798 655 835 Nolo
693 798 732 834 in
779 798 972 835 stellarum
1018 799 1166 836 ratione
1213 799 1355 837 multus
1400 800 1570 837 vobis119

62 875 95 893 ¹0
110 863 243 909 videri,
273 863 518 911 maximeque
546 874 690 902 earum.
712 874 812 910 quae
842 874 965 899 errare
994 862 1175 900 dicuntur
1190 877 1200 909 3
1237 875 1399 911 quarum
1427 871 1508 901 tan-

111 934 172 965 tus
205 934 264 965 est
301 934 517 964 concentus
554 938 603 963 ex
639 926 899 964 dissimillimis
938 928 1119 972 motibus,
1151 935 1205 972 ut,
1238 940 1326 964 cum
1361 940 1512 965 summa

112 992 262 1030 Saturni
289 992 496 1040 refrigeret,
526 990 657 1028 media
686 992 820 1028 Martis
854 991 1049 1037 incendat,
1082 992 1139 1028 his
1179 993 1379 1029 interiecta
1408 993 1511 1030 Iovis

112 1057 284 1093 inlustret
323 1063 362 1092 et
400 1062 590 1104 temperet
629 1056 802 1103 infraque
833 1056 1000 1092 Martem
1030 1055 1129 1092 duae
1169 1056 1246 1093 Soli
1285 1056 1510 1103 oboediant,

113 1121 194 1169 ipse
225 1121 289 1158 Sol
319 1119 509 1157 mundum
539 1131 698 1157 omnem
731 1132 799 1156 sua
829 1120 915 1156 luce
943 1120 1137 1168 compleat
1166 1120 1215 1157 ab
1244 1132 1371 1169 eoque
1400 1121 1512 1158 Luna

64 1198 95 1221 ις
113 1185 337 1222 inluminata
372 1183 617 1233 graviditates
655 1191 694 1221 et
730 1191 860 1232 partus
897 1183 1044 1221 adferat
1081 1185 1396 1233 maturitatesque
1429 1186 1509 1235 gig-

112 1248 244 1286 nendi.
301 1248 412 1296 Quae
433 1248 631 1296 copulatio
660 1261 785 1285 rerum
814 1255 853 1285 et
882 1249 991 1297 quasi
1019 1249 1268 1286 consentiens
1296 1249 1347 1286 ad
1376 1249 1510 1287 mundi

112 1313 419 1351 incolumitatem
449 1314 741 1361 coagmentatio
776 1321 935 1350 naturae
975 1325 1092 1361 quem
1130 1325 1210 1350 non
1230 1321 1373 1359 movet,
1403 1314 1509 1351 hunc

113 1377 257 1431 horum?
271 1377 366 1414 nihil
385 1389 569 1426 umquam
590 1378 825 1426 reputatisse
847 1384 955 1415 certo
975 1378 1070 1415 scio.

166 1443 264 1490 Age,
284 1450 325 1479 ut
344 1454 367 1478 a
386 1442 614 1479 caelestibus
632 1442 747 1479 rebus
767 1441 816 1479 ad
837 1449 1031 1479 terrestres
1050 1442 1262 1487 veniamus,
1279 1442 1374 1490 quid
1395 1450 1453 1480 est
1472 1444 1511 1480 in

64 1522 97 1540 20
114 1507 185 1553 his,
205 1507 245 1544 in
264 1519 342 1556 quo
362 1519 442 1544 non
461 1514 619 1544 naturae
639 1507 736 1544 ratio
764 1507 1020 1556 intellegentis
1050 1508 1261 1555 appareat?
1317 1508 1512 1556 Principio

115 1583 262 1617 eorum,
283 1583 383 1619 quae
411 1571 618 1620 gignuntur
645 1583 666 1608 e
695 1579 805 1617 terra,
827 1572 964 1620 stirpes
992 1578 1031 1608 et
1059 1571 1305 1608 stabilitatem
1332 1571 1426 1608 dant
1455 1573 1512 1617 iis,

114 1648 213 1685 quae
250 1636 451 1680 sustinent,
489 1642 528 1672 et
565 1647 586 1672 e
623 1642 723 1672 terra
759 1648 896 1672 sucum
933 1635 1098 1682 trahunt,
1138 1648 1216 1684 quo
1263 1636 1412 1672 alantur
1455 1648 1512 1682 ea,

115 1712 215 1749 quae
246 1700 440 1738 radicibus
473 1700 732 1745 continentur,
767 1699 1096 1748 obducunturque
1130 1700 1226 1737 libro
1265 1707 1330 1736 aut
1369 1701 1513 1737 cortice

115 1764 252 1809 trunci,
284 1776 363 1812 quo
394 1764 469 1801 sint
498 1776 521 1800 a
550 1764 751 1813 frigoribus
782 1771 819 1801 et
850 1765 1041 1802 caloribus
1074 1764 1245 1801 tutiores.
1305 1765 1389 1801 Iam
1422 1777 1514 1802 vero

66 1846 98 1870 25
115 1829 211 1866 vites
231 1829 287 1866 sic
305 1828 498 1865 claviculis
517 1827 754 1865 adminicula
781 1835 980 1877 tamquam
1009 1829 1186 1865 manibus
1215 1828 1515 1877 adprehendunt

116 1899 232 1941 atque
261 1893 315 1930 ita
341 1904 382 1930 se
413 1893 574 1941 erigunt,
595 1900 636 1930 ut
664 1893 892 1930 animantes.
951 1893 1056 1941 Quin
1081 1893 1198 1929 etiam
1227 1905 1250 1929 a
1278 1893 1463 1939 caulibus,
1484 1893 1515 1930 si

117 1963 275 2006 propter
293 1957 363 1994 sati
383 1957 470 2002 sint,
491 1965 532 1994 ut
551 1969 574 1994 a
593 1957 781 2006 pestiferis
805 1964 844 1994 et
871 1958 1103 1994 nocentibus
1132 1957 1305 2005 refugere
1335 1957 1517 1994 dicuntur

117 2033 194 2058 nec
223 2033 291 2058 eos
320 2021 398 2058 ulla
424 2033 473 2058 ex
502 2028 610 2070 parte
648 2022 888 2070 contingere.
943 2022 1208 2058 Animantium
1241 2033 1333 2058 vero
1371 2028 1572 2070 quantam

117 2086 278 2123 varietas
298 2092 368 2131 est,
388 2092 532 2134 quanta
558 2085 610 2122 ad
639 2097 726 2122 eam
753 2097 836 2122 rem
854 2085 924 2131 vis,
945 2093 987 2122 ut
1014 2086 1052 2122 in
1083 2097 1153 2122 suo
1173 2097 1351 2134 quaeque
1374 2097 1516 2134 genere

70 2171 103 2196 30
119 2152 369 2198 permaneat!
425 2150 599 2197 Quarum
628 2150 724 2187 aliae
754 2150 868 2187 coriis
896 2157 1023 2187 tectae
1052 2156 1153 2194 sunt,
1173 2150 1270 2186 aliae
1289 2149 1385 2186 villis
1403 2150 1516 2186 vesti-

119 2219 194 2259 tae,
227 2213 322 2250 aliae
353 2213 471 2262 spinis
501 2213 667 2251 hirsutae
683 2227 694 2260 ;
732 2213 865 2262 pluma
893 2214 997 2259 alias,
1028 2214 1119 2250 alias
1150 2225 1312 2261 squama
1340 2213 1517 2250 videmus

120 2276 324 2322 obductas,
345 2277 435 2314 alias
455 2289 539 2315 esse
563 2278 745 2315 cornibus
773 2284 950 2323 armatas,
971 2278 1063 2314 alias
1092 2277 1235 2314 habere
1265 2277 1405 2326 effugia
1433 2278 1517 2325 pin-

120 2353 268 2378 narum.
325 2342 481 2378 Pastum
514 2349 645 2378 autem
677 2342 936 2379 animantibus
968 2342 1071 2390 large
1110 2349 1148 2378 et
1185 2342 1346 2390 copiose
1384 2348 1520 2378 natura

121 2417 224 2450 eum,
244 2405 310 2453 qui
338 2406 478 2453 cuique
507 2413 620 2454 aptus
648 2413 741 2451 erat,
768 2406 1019 2454 comparavit.
1077 2407 1315 2443 Enumerare
1344 2417 1518 2454 possum,

72 2485 105 2510 35
121 2468 172 2506 ad
211 2481 300 2506 eum
337 2476 492 2518 pastum
528 2469 814 2518 capessendum
851 2469 1220 2518 conficiendumque
1258 2481 1358 2518 quae
1396 2470 1444 2507 sit
1479 2470 1520 2506 in

1519 1426 1566 1461 47

1523 1471 1572 1496 120
